%YAML 1.1
%TAG !u! tag:unity3d.com,2011:
--- !u!1 &3141905483323718171
GameObject:
  m_ObjectHideFlags: 0
  m_CorrespondingSourceObject: {fileID: 0}
  m_PrefabInstance: {fileID: 0}
  m_PrefabAsset: {fileID: 0}
  serializedVersion: 6
  m_Component:
  - component: {fileID: 2364841494838042785}
  - component: {fileID: 1692862365409996548}
  - component: {fileID: 3502311856409877454}
  - component: {fileID: 2878528245637127577}
  m_Layer: 0
  m_Name: Collider
  m_TagString: Untagged
  m_Icon: {fileID: 0}
  m_NavMeshLayer: 0
  m_StaticEditorFlags: 0
  m_IsActive: 1
--- !u!4 &2364841494838042785
Transform:
  m_ObjectHideFlags: 0
  m_CorrespondingSourceObject: {fileID: 0}
  m_PrefabInstance: {fileID: 0}
  m_PrefabAsset: {fileID: 0}
  m_GameObject: {fileID: 3141905483323718171}
  m_LocalRotation: {x: 0, y: 0, z: 0, w: 1}
  m_LocalPosition: {x: 0, y: 0, z: 0}
  m_LocalScale: {x: 1, y: 1, z: 1}
  m_Children: []
  m_Father: {fileID: 6531762632323656299}
  m_RootOrder: 3
  m_LocalEulerAnglesHint: {x: 0, y: 0, z: 0}
--- !u!33 &1692862365409996548
MeshFilter:
  m_ObjectHideFlags: 0
  m_CorrespondingSourceObject: {fileID: 0}
  m_PrefabInstance: {fileID: 0}
  m_PrefabAsset: {fileID: 0}
  m_GameObject: {fileID: 3141905483323718171}
  m_Mesh: {fileID: 808939520102176885, guid: d6db9b24759c4704984c73b0b0f04418, type: 3}
--- !u!23 &3502311856409877454
MeshRenderer:
  m_ObjectHideFlags: 0
  m_CorrespondingSourceObject: {fileID: 0}
  m_PrefabInstance: {fileID: 0}
  m_PrefabAsset: {fileID: 0}
  m_GameObject: {fileID: 3141905483323718171}
  m_Enabled: 0
  m_CastShadows: 1
  m_ReceiveShadows: 1
  m_DynamicOccludee: 1
  m_MotionVectors: 1
  m_LightProbeUsage: 1
  m_ReflectionProbeUsage: 1
  m_RayTracingMode: 2
  m_RenderingLayerMask: 1
  m_RendererPriority: 0
  m_Materials:
  - {fileID: 670224309865224971, guid: d6db9b24759c4704984c73b0b0f04418, type: 3}
  m_StaticBatchInfo:
    firstSubMesh: 0
    subMeshCount: 0
  m_StaticBatchRoot: {fileID: 0}
  m_ProbeAnchor: {fileID: 0}
  m_LightProbeVolumeOverride: {fileID: 0}
  m_ScaleInLightmap: 1
  m_ReceiveGI: 1
  m_PreserveUVs: 0
  m_IgnoreNormalsForChartDetection: 0
  m_ImportantGI: 0
  m_StitchLightmapSeams: 1
  m_SelectedEditorRenderState: 3
  m_MinimumChartSize: 4
  m_AutoUVMaxDistance: 0.5
  m_AutoUVMaxAngle: 89
  m_LightmapParameters: {fileID: 0}
  m_SortingLayerID: 0
  m_SortingLayer: 0
  m_SortingOrder: 0
--- !u!65 &2878528245637127577
BoxCollider:
  m_ObjectHideFlags: 0
  m_CorrespondingSourceObject: {fileID: 0}
  m_PrefabInstance: {fileID: 0}
  m_PrefabAsset: {fileID: 0}
  m_GameObject: {fileID: 3141905483323718171}
  m_Material: {fileID: 0}
  m_IsTrigger: 0
  m_Enabled: 1
  serializedVersion: 2
  m_Size: {x: 2.9847746, y: 2.9734912, z: 0.14682272}
  m_Center: {x: -0.0000009536748, y: 2.1556092e-12, z: -0.000009041281}
--- !u!65 &4527558708023253064
BoxCollider:
  m_ObjectHideFlags: 0
  m_CorrespondingSourceObject: {fileID: 0}
  m_PrefabInstance: {fileID: 0}
  m_PrefabAsset: {fileID: 0}
  m_GameObject: {fileID: 3608640566263605809}
  m_Material: {fileID: 0}
  m_IsTrigger: 0
  m_Enabled: 1
  serializedVersion: 2
  m_Size: {x: 2.9847732, y: 2.9734905, z: 0.14682198}
  m_Center: {x: -0.0000009536743, y: 0, z: -0.00000904128}
--- !u!65 &4527558708023253067
BoxCollider:
  m_ObjectHideFlags: 0
  m_CorrespondingSourceObject: {fileID: 0}
  m_PrefabInstance: {fileID: 0}
  m_PrefabAsset: {fileID: 0}
  m_GameObject: {fileID: 3608640566263605809}
  m_Material: {fileID: 0}
  m_IsTrigger: 0
  m_Enabled: 1
  serializedVersion: 2
  m_Size: {x: 2.9847732, y: 2.9734905, z: 0.14682198}
  m_Center: {x: -0.0000009536743, y: 0, z: -0.00000904128}
--- !u!64 &4527558708023253079
MeshCollider:
  m_ObjectHideFlags: 0
  m_CorrespondingSourceObject: {fileID: 0}
  m_PrefabInstance: {fileID: 0}
  m_PrefabAsset: {fileID: 0}
  m_GameObject: {fileID: 3608640566263605809}
  m_Material: {fileID: 0}
  m_IsTrigger: 0
  m_Enabled: 0
  serializedVersion: 4
  m_Convex: 0
  m_CookingOptions: 30
  m_Mesh: {fileID: 808939520102176885, guid: d6db9b24759c4704984c73b0b0f04418, type: 3}
--- !u!1 &5330750573010520941
GameObject:
  m_ObjectHideFlags: 0
  m_CorrespondingSourceObject: {fileID: 0}
  m_PrefabInstance: {fileID: 0}
  m_PrefabAsset: {fileID: 0}
  serializedVersion: 6
  m_Component:
  - component: {fileID: 6531762632323656299}
  m_Layer: 0
  m_Name: Roof 1
  m_TagString: Untagged
  m_Icon: {fileID: 0}
  m_NavMeshLayer: 0
  m_StaticEditorFlags: 0
  m_IsActive: 1
--- !u!4 &6531762632323656299
Transform:
  m_ObjectHideFlags: 0
  m_CorrespondingSourceObject: {fileID: 0}
  m_PrefabInstance: {fileID: 0}
  m_PrefabAsset: {fileID: 0}
  m_GameObject: {fileID: 5330750573010520941}
  m_LocalRotation: {x: -0, y: 0.7071068, z: 0.7071068, w: 0}
  m_LocalPosition: {x: 8.490008, y: 6.98, z: 91}
  m_LocalScale: {x: 1, y: 1, z: 1}
  m_Children:
  - {fileID: 4134207517704368267}
  - {fileID: 1213338952431890083}
  - {fileID: 6839409070064820191}
  - {fileID: 2364841494838042785}
  m_Father: {fileID: 0}
  m_RootOrder: 0
  m_LocalEulerAnglesHint: {x: 0, y: 0, z: 0}
--- !u!1001 &4527558707935565664
PrefabInstance:
  m_ObjectHideFlags: 0
  serializedVersion: 2
  m_Modification:
    m_TransformParent: {fileID: 6531762632323656299}
    m_Modifications:
    - target: {fileID: -8679921383154817045, guid: d6db9b24759c4704984c73b0b0f04418,
        type: 3}
      propertyPath: m_LocalPosition.x
      value: 0
      objectReference: {fileID: 0}
    - target: {fileID: -8679921383154817045, guid: d6db9b24759c4704984c73b0b0f04418,
        type: 3}
      propertyPath: m_LocalPosition.y
      value: 0
      objectReference: {fileID: 0}
    - target: {fileID: -8679921383154817045, guid: d6db9b24759c4704984c73b0b0f04418,
        type: 3}
      propertyPath: m_LocalPosition.z
      value: 0
      objectReference: {fileID: 0}
    - target: {fileID: -8679921383154817045, guid: d6db9b24759c4704984c73b0b0f04418,
        type: 3}
      propertyPath: m_LocalRotation.x
      value: -0
      objectReference: {fileID: 0}
    - target: {fileID: -8679921383154817045, guid: d6db9b24759c4704984c73b0b0f04418,
        type: 3}
      propertyPath: m_LocalRotation.y
      value: -0
      objectReference: {fileID: 0}
    - target: {fileID: -8679921383154817045, guid: d6db9b24759c4704984c73b0b0f04418,
        type: 3}
      propertyPath: m_LocalRotation.z
      value: -0
      objectReference: {fileID: 0}
    - target: {fileID: -8679921383154817045, guid: d6db9b24759c4704984c73b0b0f04418,
        type: 3}
      propertyPath: m_LocalRotation.w
      value: 1
      objectReference: {fileID: 0}
    - target: {fileID: -8679921383154817045, guid: d6db9b24759c4704984c73b0b0f04418,
        type: 3}
      propertyPath: m_RootOrder
      value: 0
      objectReference: {fileID: 0}
    - target: {fileID: -8679921383154817045, guid: d6db9b24759c4704984c73b0b0f04418,
        type: 3}
      propertyPath: m_LocalEulerAnglesHint.x
      value: -90.00001
      objectReference: {fileID: 0}
    - target: {fileID: -8679921383154817045, guid: d6db9b24759c4704984c73b0b0f04418,
        type: 3}
      propertyPath: m_LocalEulerAnglesHint.y
      value: 0
      objectReference: {fileID: 0}
    - target: {fileID: -8679921383154817045, guid: d6db9b24759c4704984c73b0b0f04418,
        type: 3}
      propertyPath: m_LocalEulerAnglesHint.z
      value: 90
      objectReference: {fileID: 0}
    - target: {fileID: 919132149155446097, guid: d6db9b24759c4704984c73b0b0f04418,
        type: 3}
      propertyPath: m_Name
      value: corridor_top
      objectReference: {fileID: 0}
    - target: {fileID: 919132149155446097, guid: d6db9b24759c4704984c73b0b0f04418,
        type: 3}
      propertyPath: m_IsActive
      value: 0
      objectReference: {fileID: 0}
    m_RemovedComponents: []
  m_SourcePrefab: {fileID: 100100000, guid: d6db9b24759c4704984c73b0b0f04418, type: 3}
--- !u!1 &3608640566263605809 stripped
GameObject:
  m_CorrespondingSourceObject: {fileID: 919132149155446097, guid: d6db9b24759c4704984c73b0b0f04418,
    type: 3}
  m_PrefabInstance: {fileID: 4527558707935565664}
  m_PrefabAsset: {fileID: 0}
--- !u!4 &4134207517704368267 stripped
Transform:
  m_CorrespondingSourceObject: {fileID: -8679921383154817045, guid: d6db9b24759c4704984c73b0b0f04418,
    type: 3}
  m_PrefabInstance: {fileID: 4527558707935565664}
  m_PrefabAsset: {fileID: 0}
--- !u!1001 &6613769704091262099
PrefabInstance:
  m_ObjectHideFlags: 0
  serializedVersion: 2
  m_Modification:
    m_TransformParent: {fileID: 6531762632323656299}
    m_Modifications:
    - target: {fileID: 370037128540046156, guid: 17c009ee04f36a74899cac6984ef405e,
        type: 3}
      propertyPath: m_LocalPosition.x
      value: 0
      objectReference: {fileID: 0}
    - target: {fileID: 370037128540046156, guid: 17c009ee04f36a74899cac6984ef405e,
        type: 3}
      propertyPath: m_LocalPosition.y
      value: 0
      objectReference: {fileID: 0}
    - target: {fileID: 370037128540046156, guid: 17c009ee04f36a74899cac6984ef405e,
        type: 3}
      propertyPath: m_LocalPosition.z
      value: 0
      objectReference: {fileID: 0}
    - target: {fileID: 370037128540046156, guid: 17c009ee04f36a74899cac6984ef405e,
        type: 3}
      propertyPath: m_LocalRotation.x
      value: 0
      objectReference: {fileID: 0}
    - target: {fileID: 370037128540046156, guid: 17c009ee04f36a74899cac6984ef405e,
        type: 3}
      propertyPath: m_LocalRotation.y
      value: 0
      objectReference: {fileID: 0}
    - target: {fileID: 370037128540046156, guid: 17c009ee04f36a74899cac6984ef405e,
        type: 3}
      propertyPath: m_LocalRotation.z
      value: 0
      objectReference: {fileID: 0}
    - target: {fileID: 370037128540046156, guid: 17c009ee04f36a74899cac6984ef405e,
        type: 3}
      propertyPath: m_LocalRotation.w
      value: 1
      objectReference: {fileID: 0}
    - target: {fileID: 370037128540046156, guid: 17c009ee04f36a74899cac6984ef405e,
        type: 3}
      propertyPath: m_RootOrder
      value: 2
      objectReference: {fileID: 0}
    - target: {fileID: 370037128540046156, guid: 17c009ee04f36a74899cac6984ef405e,
        type: 3}
      propertyPath: m_LocalEulerAnglesHint.x
      value: 0
      objectReference: {fileID: 0}
    - target: {fileID: 370037128540046156, guid: 17c009ee04f36a74899cac6984ef405e,
        type: 3}
      propertyPath: m_LocalEulerAnglesHint.y
      value: 0
      objectReference: {fileID: 0}
    - target: {fileID: 370037128540046156, guid: 17c009ee04f36a74899cac6984ef405e,
        type: 3}
      propertyPath: m_LocalEulerAnglesHint.z
      value: 0
      objectReference: {fileID: 0}
    - target: {fileID: 1038486955574532598, guid: 17c009ee04f36a74899cac6984ef405e,
        type: 3}
      propertyPath: m_Name
      value: corridor_top (1)
      objectReference: {fileID: 0}
    - target: {fileID: 1542920557396899875, guid: 17c009ee04f36a74899cac6984ef405e,
        type: 3}
      propertyPath: m_Enabled
      value: 1
      objectReference: {fileID: 0}
    m_RemovedComponents: []
  m_SourcePrefab: {fileID: 100100000, guid: 17c009ee04f36a74899cac6984ef405e, type: 3}
--- !u!4 &6839409070064820191 stripped
Transform:
  m_CorrespondingSourceObject: {fileID: 370037128540046156, guid: 17c009ee04f36a74899cac6984ef405e,
    type: 3}
  m_PrefabInstance: {fileID: 6613769704091262099}
  m_PrefabAsset: {fileID: 0}
--- !u!1001 &7808604746423267554
PrefabInstance:
  m_ObjectHideFlags: 0
  serializedVersion: 2
  m_Modification:
    m_TransformParent: {fileID: 6531762632323656299}
    m_Modifications:
    - target: {fileID: 8629118235714012411, guid: 5a253b473461ad841b0c1b214a807962,
        type: 3}
      propertyPath: m_Name
      value: corridor_top_light
      objectReference: {fileID: 0}
    - target: {fileID: 8629118235714012411, guid: 5a253b473461ad841b0c1b214a807962,
        type: 3}
      propertyPath: m_IsActive
      value: 0
      objectReference: {fileID: 0}
    - target: {fileID: 8974295254301941313, guid: 5a253b473461ad841b0c1b214a807962,
        type: 3}
      propertyPath: m_LocalPosition.x
      value: 1.2500088
      objectReference: {fileID: 0}
    - target: {fileID: 8974295254301941313, guid: 5a253b473461ad841b0c1b214a807962,
        type: 3}
      propertyPath: m_LocalPosition.y
      value: -0.010002137
      objectReference: {fileID: 0}
    - target: {fileID: 8974295254301941313, guid: 5a253b473461ad841b0c1b214a807962,
        type: 3}
      propertyPath: m_LocalPosition.z
      value: 9.313226e-10
      objectReference: {fileID: 0}
    - target: {fileID: 8974295254301941313, guid: 5a253b473461ad841b0c1b214a807962,
        type: 3}
      propertyPath: m_LocalRotation.x
      value: 1
      objectReference: {fileID: 0}
    - target: {fileID: 8974295254301941313, guid: 5a253b473461ad841b0c1b214a807962,
        type: 3}
      propertyPath: m_LocalRotation.y
      value: 0
      objectReference: {fileID: 0}
    - target: {fileID: 8974295254301941313, guid: 5a253b473461ad841b0c1b214a807962,
        type: 3}
      propertyPath: m_LocalRotation.z
      value: 0
      objectReference: {fileID: 0}
    - target: {fileID: 8974295254301941313, guid: 5a253b473461ad841b0c1b214a807962,
        type: 3}
      propertyPath: m_LocalRotation.w
      value: 0
      objectReference: {fileID: 0}
    - target: {fileID: 8974295254301941313, guid: 5a253b473461ad841b0c1b214a807962,
        type: 3}
      propertyPath: m_RootOrder
      value: 1
      objectReference: {fileID: 0}
    - target: {fileID: 8974295254301941313, guid: 5a253b473461ad841b0c1b214a807962,
        type: 3}
      propertyPath: m_LocalEulerAnglesHint.x
      value: 180
      objectReference: {fileID: 0}
    - target: {fileID: 8974295254301941313, guid: 5a253b473461ad841b0c1b214a807962,
        type: 3}
      propertyPath: m_LocalEulerAnglesHint.y
      value: 0
      objectReference: {fileID: 0}
    - target: {fileID: 8974295254301941313, guid: 5a253b473461ad841b0c1b214a807962,
        type: 3}
      propertyPath: m_LocalEulerAnglesHint.z
      value: 0
      objectReference: {fileID: 0}
    - target: {fileID: 8974295254301941313, guid: 5a253b473461ad841b0c1b214a807962,
        type: 3}
      propertyPath: m_LocalScale.x
      value: 0.099999994
      objectReference: {fileID: 0}
    - target: {fileID: 8974295254301941313, guid: 5a253b473461ad841b0c1b214a807962,
        type: 3}
      propertyPath: m_LocalScale.y
      value: 0.099999994
      objectReference: {fileID: 0}
    - target: {fileID: 8974295254301941313, guid: 5a253b473461ad841b0c1b214a807962,
        type: 3}
      propertyPath: m_LocalScale.z
      value: 0.099999994
      objectReference: {fileID: 0}
    m_RemovedComponents: []
  m_SourcePrefab: {fileID: 100100000, guid: 5a253b473461ad841b0c1b214a807962, type: 3}
--- !u!4 &1213338952431890083 stripped
Transform:
  m_CorrespondingSourceObject: {fileID: 8974295254301941313, guid: 5a253b473461ad841b0c1b214a807962,
    type: 3}
  m_PrefabInstance: {fileID: 7808604746423267554}
  m_PrefabAsset: {fileID: 0}
