%YAML 1.1
%TAG !u! tag:unity3d.com,2011:
--- !u!1 &6584264920226719846
GameObject:
  m_ObjectHideFlags: 0
  m_CorrespondingSourceObject: {fileID: 0}
  m_PrefabInstance: {fileID: 0}
  m_PrefabAsset: {fileID: 0}
  serializedVersion: 6
  m_Component:
  - component: {fileID: 8819287142445268044}
  m_Layer: 0
  m_Name: Corridor_Wall_2x2
  m_TagString: Untagged
  m_Icon: {fileID: 0}
  m_NavMeshLayer: 0
  m_StaticEditorFlags: 0
  m_IsActive: 1
--- !u!4 &8819287142445268044
Transform:
  m_ObjectHideFlags: 0
  m_CorrespondingSourceObject: {fileID: 0}
  m_PrefabInstance: {fileID: 0}
  m_PrefabAsset: {fileID: 0}
  m_GameObject: {fileID: 6584264920226719846}
  m_LocalRotation: {x: -0, y: -0, z: -0, w: 1}
  m_LocalPosition: {x: 0, y: 0, z: 0}
  m_LocalScale: {x: 1, y: 1, z: 1}
  m_Children:
  - {fileID: 3737292390495087386}
  - {fileID: 7104277841995019765}
  - {fileID: 5476751915882855716}
  m_Father: {fileID: 0}
  m_RootOrder: 0
  m_LocalEulerAnglesHint: {x: 0, y: 0, z: 0}
--- !u!1001 &4470319582704904031
PrefabInstance:
  m_ObjectHideFlags: 0
  serializedVersion: 2
  m_Modification:
    m_TransformParent: {fileID: 8819287142445268044}
    m_Modifications:
    - target: {fileID: 477263867929663231, guid: 9d82d58c28dcba84eb810ee2e9b3e6ad,
        type: 3}
      propertyPath: m_Name
      value: corridor_wall_full
      objectReference: {fileID: 0}
    - target: {fileID: 996496566777007173, guid: 9d82d58c28dcba84eb810ee2e9b3e6ad,
        type: 3}
      propertyPath: m_LocalPosition.x
      value: 1.843
      objectReference: {fileID: 0}
    - target: {fileID: 996496566777007173, guid: 9d82d58c28dcba84eb810ee2e9b3e6ad,
        type: 3}
      propertyPath: m_LocalPosition.y
      value: 0
      objectReference: {fileID: 0}
    - target: {fileID: 996496566777007173, guid: 9d82d58c28dcba84eb810ee2e9b3e6ad,
        type: 3}
      propertyPath: m_LocalPosition.z
      value: 0
      objectReference: {fileID: 0}
    - target: {fileID: 996496566777007173, guid: 9d82d58c28dcba84eb810ee2e9b3e6ad,
        type: 3}
      propertyPath: m_LocalRotation.x
      value: -0.7071068
      objectReference: {fileID: 0}
    - target: {fileID: 996496566777007173, guid: 9d82d58c28dcba84eb810ee2e9b3e6ad,
        type: 3}
      propertyPath: m_LocalRotation.y
      value: -0
      objectReference: {fileID: 0}
    - target: {fileID: 996496566777007173, guid: 9d82d58c28dcba84eb810ee2e9b3e6ad,
        type: 3}
      propertyPath: m_LocalRotation.z
      value: 0
      objectReference: {fileID: 0}
    - target: {fileID: 996496566777007173, guid: 9d82d58c28dcba84eb810ee2e9b3e6ad,
        type: 3}
      propertyPath: m_LocalRotation.w
      value: 0.7071068
      objectReference: {fileID: 0}
    - target: {fileID: 996496566777007173, guid: 9d82d58c28dcba84eb810ee2e9b3e6ad,
        type: 3}
      propertyPath: m_RootOrder
      value: 0
      objectReference: {fileID: 0}
    - target: {fileID: 996496566777007173, guid: 9d82d58c28dcba84eb810ee2e9b3e6ad,
        type: 3}
      propertyPath: m_LocalEulerAnglesHint.x
      value: -90
      objectReference: {fileID: 0}
    - target: {fileID: 996496566777007173, guid: 9d82d58c28dcba84eb810ee2e9b3e6ad,
        type: 3}
      propertyPath: m_LocalEulerAnglesHint.y
      value: 0
      objectReference: {fileID: 0}
    - target: {fileID: 996496566777007173, guid: 9d82d58c28dcba84eb810ee2e9b3e6ad,
        type: 3}
      propertyPath: m_LocalEulerAnglesHint.z
      value: 0
      objectReference: {fileID: 0}
    m_RemovedComponents: []
  m_SourcePrefab: {fileID: 100100000, guid: 9d82d58c28dcba84eb810ee2e9b3e6ad, type: 3}
--- !u!4 &3737292390495087386 stripped
Transform:
  m_CorrespondingSourceObject: {fileID: 996496566777007173, guid: 9d82d58c28dcba84eb810ee2e9b3e6ad,
    type: 3}
  m_PrefabInstance: {fileID: 4470319582704904031}
  m_PrefabAsset: {fileID: 0}
--- !u!1001 &7038080692562783533
PrefabInstance:
  m_ObjectHideFlags: 0
  serializedVersion: 2
  m_Modification:
    m_TransformParent: {fileID: 8819287142445268044}
    m_Modifications:
    - target: {fileID: 232848074672167128, guid: d17cee0040bdda44686c250bce0c65bc,
        type: 3}
      propertyPath: m_LocalPosition.x
      value: 0.004
      objectReference: {fileID: 0}
    - target: {fileID: 232848074672167128, guid: d17cee0040bdda44686c250bce0c65bc,
        type: 3}
      propertyPath: m_LocalPosition.y
      value: 0
      objectReference: {fileID: 0}
    - target: {fileID: 232848074672167128, guid: d17cee0040bdda44686c250bce0c65bc,
        type: 3}
      propertyPath: m_LocalPosition.z
      value: 0
      objectReference: {fileID: 0}
    - target: {fileID: 232848074672167128, guid: d17cee0040bdda44686c250bce0c65bc,
        type: 3}
      propertyPath: m_LocalRotation.x
      value: -0.7071068
      objectReference: {fileID: 0}
    - target: {fileID: 232848074672167128, guid: d17cee0040bdda44686c250bce0c65bc,
        type: 3}
      propertyPath: m_LocalRotation.y
      value: -0
      objectReference: {fileID: 0}
    - target: {fileID: 232848074672167128, guid: d17cee0040bdda44686c250bce0c65bc,
        type: 3}
      propertyPath: m_LocalRotation.z
      value: 0
      objectReference: {fileID: 0}
    - target: {fileID: 232848074672167128, guid: d17cee0040bdda44686c250bce0c65bc,
        type: 3}
      propertyPath: m_LocalRotation.w
      value: 0.7071068
      objectReference: {fileID: 0}
    - target: {fileID: 232848074672167128, guid: d17cee0040bdda44686c250bce0c65bc,
        type: 3}
      propertyPath: m_RootOrder
      value: 1
      objectReference: {fileID: 0}
    - target: {fileID: 232848074672167128, guid: d17cee0040bdda44686c250bce0c65bc,
        type: 3}
      propertyPath: m_LocalEulerAnglesHint.x
      value: -90
      objectReference: {fileID: 0}
    - target: {fileID: 232848074672167128, guid: d17cee0040bdda44686c250bce0c65bc,
        type: 3}
      propertyPath: m_LocalEulerAnglesHint.y
      value: 0
      objectReference: {fileID: 0}
    - target: {fileID: 232848074672167128, guid: d17cee0040bdda44686c250bce0c65bc,
        type: 3}
      propertyPath: m_LocalEulerAnglesHint.z
      value: 0
      objectReference: {fileID: 0}
    - target: {fileID: 608248438832202338, guid: d17cee0040bdda44686c250bce0c65bc,
        type: 3}
      propertyPath: m_Name
      value: corridor_wall
      objectReference: {fileID: 0}
    m_RemovedComponents: []
  m_SourcePrefab: {fileID: 100100000, guid: d17cee0040bdda44686c250bce0c65bc, type: 3}
--- !u!4 &7104277841995019765 stripped
Transform:
  m_CorrespondingSourceObject: {fileID: 232848074672167128, guid: d17cee0040bdda44686c250bce0c65bc,
    type: 3}
  m_PrefabInstance: {fileID: 7038080692562783533}
  m_PrefabAsset: {fileID: 0}
--- !u!1001 &7455778388131175946
PrefabInstance:
  m_ObjectHideFlags: 0
  serializedVersion: 2
  m_Modification:
    m_TransformParent: {fileID: 8819287142445268044}
    m_Modifications:
    - target: {fileID: 2320121834735188372, guid: a58fd916f75dca5419a4f2eac451793d,
        type: 3}
      propertyPath: m_Name
      value: corridor_pillar
      objectReference: {fileID: 0}
    - target: {fileID: 3132651738959766318, guid: a58fd916f75dca5419a4f2eac451793d,
        type: 3}
      propertyPath: m_LocalPosition.x
      value: -2.996
      objectReference: {fileID: 0}
    - target: {fileID: 3132651738959766318, guid: a58fd916f75dca5419a4f2eac451793d,
        type: 3}
      propertyPath: m_LocalPosition.y
      value: 0
      objectReference: {fileID: 0}
    - target: {fileID: 3132651738959766318, guid: a58fd916f75dca5419a4f2eac451793d,
        type: 3}
      propertyPath: m_LocalPosition.z
      value: 0
      objectReference: {fileID: 0}
    - target: {fileID: 3132651738959766318, guid: a58fd916f75dca5419a4f2eac451793d,
        type: 3}
      propertyPath: m_LocalRotation.x
      value: -0.7071068
      objectReference: {fileID: 0}
    - target: {fileID: 3132651738959766318, guid: a58fd916f75dca5419a4f2eac451793d,
        type: 3}
      propertyPath: m_LocalRotation.y
      value: -0
      objectReference: {fileID: 0}
    - target: {fileID: 3132651738959766318, guid: a58fd916f75dca5419a4f2eac451793d,
        type: 3}
      propertyPath: m_LocalRotation.z
      value: 0
      objectReference: {fileID: 0}
    - target: {fileID: 3132651738959766318, guid: a58fd916f75dca5419a4f2eac451793d,
        type: 3}
      propertyPath: m_LocalRotation.w
      value: 0.7071068
      objectReference: {fileID: 0}
    - target: {fileID: 3132651738959766318, guid: a58fd916f75dca5419a4f2eac451793d,
        type: 3}
      propertyPath: m_RootOrder
      value: 2
      objectReference: {fileID: 0}
    - target: {fileID: 3132651738959766318, guid: a58fd916f75dca5419a4f2eac451793d,
        type: 3}
      propertyPath: m_LocalEulerAnglesHint.x
      value: -90
      objectReference: {fileID: 0}
    - target: {fileID: 3132651738959766318, guid: a58fd916f75dca5419a4f2eac451793d,
        type: 3}
      propertyPath: m_LocalEulerAnglesHint.y
      value: 0
      objectReference: {fileID: 0}
    - target: {fileID: 3132651738959766318, guid: a58fd916f75dca5419a4f2eac451793d,
        type: 3}
      propertyPath: m_LocalEulerAnglesHint.z
      value: 0
      objectReference: {fileID: 0}
    m_RemovedComponents: []
  m_SourcePrefab: {fileID: 100100000, guid: a58fd916f75dca5419a4f2eac451793d, type: 3}
--- !u!4 &5476751915882855716 stripped
Transform:
  m_CorrespondingSourceObject: {fileID: 3132651738959766318, guid: a58fd916f75dca5419a4f2eac451793d,
    type: 3}
  m_PrefabInstance: {fileID: 7455778388131175946}
  m_PrefabAsset: {fileID: 0}
