%YAML 1.1
%TAG !u! tag:unity3d.com,2011:
--- !u!1 &8697820873920925736
GameObject:
  m_ObjectHideFlags: 0
  m_CorrespondingSourceObject: {fileID: 0}
  m_PrefabInstance: {fileID: 0}
  m_PrefabAsset: {fileID: 0}
  serializedVersion: 6
  m_Component:
  - component: {fileID: 4939308629890462152}
  - component: {fileID: 233552940804969116}
  m_Layer: 0
  m_Name: R_wall_2x10
  m_TagString: Untagged
  m_Icon: {fileID: 0}
  m_NavMeshLayer: 0
  m_StaticEditorFlags: 0
  m_IsActive: 1
--- !u!4 &4939308629890462152
Transform:
  m_ObjectHideFlags: 0
  m_CorrespondingSourceObject: {fileID: 0}
  m_PrefabInstance: {fileID: 0}
  m_PrefabAsset: {fileID: 0}
  m_GameObject: {fileID: 8697820873920925736}
  m_LocalRotation: {x: 0, y: 0, z: 0, w: 1}
  m_LocalPosition: {x: 0, y: 0, z: 0}
  m_LocalScale: {x: 1, y: 1, z: 1}
  m_Children:
  - {fileID: 579177285415819948}
  - {fileID: 6076925984396553610}
  - {fileID: 3460803992425027443}
  - {fileID: 6516904960328196288}
  - {fileID: 4872451833120301769}
  - {fileID: 7275133463398114530}
  - {fileID: 312722442652244294}
  - {fileID: 2379108454568453880}
  - {fileID: 1222614684199448767}
  - {fileID: 4280535792429676384}
  - {fileID: 9150597382891827173}
  - {fileID: 4098034664708113515}
  - {fileID: 4674706283444825140}
  - {fileID: 4242020872861888659}
  - {fileID: 8724125006234081005}
  - {fileID: 5344803147197797487}
  - {fileID: 7573888834487492932}
  - {fileID: 8499290990271745028}
  - {fileID: 266075395367741921}
  - {fileID: 7469508701000330129}
  m_Father: {fileID: 0}
  m_RootOrder: 0
  m_LocalEulerAnglesHint: {x: 0, y: 0, z: 0}
--- !u!65 &233552940804969116
BoxCollider:
  m_ObjectHideFlags: 0
  m_CorrespondingSourceObject: {fileID: 0}
  m_PrefabInstance: {fileID: 0}
  m_PrefabAsset: {fileID: 0}
  m_GameObject: {fileID: 8697820873920925736}
  m_Material: {fileID: 0}
  m_IsTrigger: 0
  m_Enabled: 1
  serializedVersion: 2
  m_Size: {x: 2, y: 0.19253826, z: 10}
  m_Center: {x: 0, y: 0.1009326, z: 0}
--- !u!1001 &31046886602128137
PrefabInstance:
  m_ObjectHideFlags: 0
  serializedVersion: 2
  m_Modification:
    m_TransformParent: {fileID: 4939308629890462152}
    m_Modifications:
    - target: {fileID: 1421386343766627562, guid: 08768c6c5a80e884a8eb2437c327dfde,
        type: 3}
      propertyPath: m_Enabled
      value: 0
      objectReference: {fileID: 0}
    - target: {fileID: 4661692229395339069, guid: 08768c6c5a80e884a8eb2437c327dfde,
        type: 3}
      propertyPath: m_LocalPosition.x
      value: -0.5
      objectReference: {fileID: 0}
    - target: {fileID: 4661692229395339069, guid: 08768c6c5a80e884a8eb2437c327dfde,
        type: 3}
      propertyPath: m_LocalPosition.y
      value: 0
      objectReference: {fileID: 0}
    - target: {fileID: 4661692229395339069, guid: 08768c6c5a80e884a8eb2437c327dfde,
        type: 3}
      propertyPath: m_LocalPosition.z
      value: -3.5
      objectReference: {fileID: 0}
    - target: {fileID: 4661692229395339069, guid: 08768c6c5a80e884a8eb2437c327dfde,
        type: 3}
      propertyPath: m_LocalRotation.x
      value: -0.5
      objectReference: {fileID: 0}
    - target: {fileID: 4661692229395339069, guid: 08768c6c5a80e884a8eb2437c327dfde,
        type: 3}
      propertyPath: m_LocalRotation.y
      value: 0.5
      objectReference: {fileID: 0}
    - target: {fileID: 4661692229395339069, guid: 08768c6c5a80e884a8eb2437c327dfde,
        type: 3}
      propertyPath: m_LocalRotation.z
      value: 0.5
      objectReference: {fileID: 0}
    - target: {fileID: 4661692229395339069, guid: 08768c6c5a80e884a8eb2437c327dfde,
        type: 3}
      propertyPath: m_LocalRotation.w
      value: 0.5
      objectReference: {fileID: 0}
    - target: {fileID: 4661692229395339069, guid: 08768c6c5a80e884a8eb2437c327dfde,
        type: 3}
      propertyPath: m_RootOrder
      value: 12
      objectReference: {fileID: 0}
    - target: {fileID: 4661692229395339069, guid: 08768c6c5a80e884a8eb2437c327dfde,
        type: 3}
      propertyPath: m_LocalEulerAnglesHint.x
      value: -90.00001
      objectReference: {fileID: 0}
    - target: {fileID: 4661692229395339069, guid: 08768c6c5a80e884a8eb2437c327dfde,
        type: 3}
      propertyPath: m_LocalEulerAnglesHint.y
      value: 0
      objectReference: {fileID: 0}
    - target: {fileID: 4661692229395339069, guid: 08768c6c5a80e884a8eb2437c327dfde,
        type: 3}
      propertyPath: m_LocalEulerAnglesHint.z
      value: 90
      objectReference: {fileID: 0}
    - target: {fileID: 5474821126737530247, guid: 08768c6c5a80e884a8eb2437c327dfde,
        type: 3}
      propertyPath: m_Name
      value: side_wall_normal (7)
      objectReference: {fileID: 0}
    m_RemovedComponents: []
  m_SourcePrefab: {fileID: 100100000, guid: 08768c6c5a80e884a8eb2437c327dfde, type: 3}
--- !u!4 &4674706283444825140 stripped
Transform:
  m_CorrespondingSourceObject: {fileID: 4661692229395339069, guid: 08768c6c5a80e884a8eb2437c327dfde,
    type: 3}
  m_PrefabInstance: {fileID: 31046886602128137}
  m_PrefabAsset: {fileID: 0}
--- !u!1001 &488895196214709197
PrefabInstance:
  m_ObjectHideFlags: 0
  serializedVersion: 2
  m_Modification:
    m_TransformParent: {fileID: 4939308629890462152}
    m_Modifications:
    - target: {fileID: 2641235204623245620, guid: f3418a16f7d8b2a47a156369c638eecf,
        type: 3}
      propertyPath: m_Enabled
      value: 0
      objectReference: {fileID: 0}
    - target: {fileID: 6337556105142628791, guid: f3418a16f7d8b2a47a156369c638eecf,
        type: 3}
      propertyPath: m_Name
      value: corner_wall
      objectReference: {fileID: 0}
    - target: {fileID: 6681183642016951053, guid: f3418a16f7d8b2a47a156369c638eecf,
        type: 3}
      propertyPath: m_LocalPosition.x
      value: -0.5
      objectReference: {fileID: 0}
    - target: {fileID: 6681183642016951053, guid: f3418a16f7d8b2a47a156369c638eecf,
        type: 3}
      propertyPath: m_LocalPosition.y
      value: 0
      objectReference: {fileID: 0}
    - target: {fileID: 6681183642016951053, guid: f3418a16f7d8b2a47a156369c638eecf,
        type: 3}
      propertyPath: m_LocalPosition.z
      value: -4.5
      objectReference: {fileID: 0}
    - target: {fileID: 6681183642016951053, guid: f3418a16f7d8b2a47a156369c638eecf,
        type: 3}
      propertyPath: m_LocalRotation.x
      value: -0.5
      objectReference: {fileID: 0}
    - target: {fileID: 6681183642016951053, guid: f3418a16f7d8b2a47a156369c638eecf,
        type: 3}
      propertyPath: m_LocalRotation.y
      value: 0.5
      objectReference: {fileID: 0}
    - target: {fileID: 6681183642016951053, guid: f3418a16f7d8b2a47a156369c638eecf,
        type: 3}
      propertyPath: m_LocalRotation.z
      value: 0.5
      objectReference: {fileID: 0}
    - target: {fileID: 6681183642016951053, guid: f3418a16f7d8b2a47a156369c638eecf,
        type: 3}
      propertyPath: m_LocalRotation.w
      value: 0.5
      objectReference: {fileID: 0}
    - target: {fileID: 6681183642016951053, guid: f3418a16f7d8b2a47a156369c638eecf,
        type: 3}
      propertyPath: m_RootOrder
      value: 3
      objectReference: {fileID: 0}
    - target: {fileID: 6681183642016951053, guid: f3418a16f7d8b2a47a156369c638eecf,
        type: 3}
      propertyPath: m_LocalEulerAnglesHint.x
      value: -90
      objectReference: {fileID: 0}
    - target: {fileID: 6681183642016951053, guid: f3418a16f7d8b2a47a156369c638eecf,
        type: 3}
      propertyPath: m_LocalEulerAnglesHint.y
      value: 0
      objectReference: {fileID: 0}
    - target: {fileID: 6681183642016951053, guid: f3418a16f7d8b2a47a156369c638eecf,
        type: 3}
      propertyPath: m_LocalEulerAnglesHint.z
      value: 90
      objectReference: {fileID: 0}
    m_RemovedComponents: []
  m_SourcePrefab: {fileID: 100100000, guid: f3418a16f7d8b2a47a156369c638eecf, type: 3}
--- !u!4 &6516904960328196288 stripped
Transform:
  m_CorrespondingSourceObject: {fileID: 6681183642016951053, guid: f3418a16f7d8b2a47a156369c638eecf,
    type: 3}
  m_PrefabInstance: {fileID: 488895196214709197}
  m_PrefabAsset: {fileID: 0}
--- !u!1001 &764809597005562706
PrefabInstance:
  m_ObjectHideFlags: 0
  serializedVersion: 2
  m_Modification:
    m_TransformParent: {fileID: 4939308629890462152}
    m_Modifications:
    - target: {fileID: 1421386343766627562, guid: 08768c6c5a80e884a8eb2437c327dfde,
        type: 3}
      propertyPath: m_Enabled
      value: 0
      objectReference: {fileID: 0}
    - target: {fileID: 4661692229395339069, guid: 08768c6c5a80e884a8eb2437c327dfde,
        type: 3}
      propertyPath: m_LocalPosition.x
      value: 0.5
      objectReference: {fileID: 0}
    - target: {fileID: 4661692229395339069, guid: 08768c6c5a80e884a8eb2437c327dfde,
        type: 3}
      propertyPath: m_LocalPosition.y
      value: 0
      objectReference: {fileID: 0}
    - target: {fileID: 4661692229395339069, guid: 08768c6c5a80e884a8eb2437c327dfde,
        type: 3}
      propertyPath: m_LocalPosition.z
      value: 1.5
      objectReference: {fileID: 0}
    - target: {fileID: 4661692229395339069, guid: 08768c6c5a80e884a8eb2437c327dfde,
        type: 3}
      propertyPath: m_LocalRotation.x
      value: -0.5
      objectReference: {fileID: 0}
    - target: {fileID: 4661692229395339069, guid: 08768c6c5a80e884a8eb2437c327dfde,
        type: 3}
      propertyPath: m_LocalRotation.y
      value: -0.5
      objectReference: {fileID: 0}
    - target: {fileID: 4661692229395339069, guid: 08768c6c5a80e884a8eb2437c327dfde,
        type: 3}
      propertyPath: m_LocalRotation.z
      value: -0.5
      objectReference: {fileID: 0}
    - target: {fileID: 4661692229395339069, guid: 08768c6c5a80e884a8eb2437c327dfde,
        type: 3}
      propertyPath: m_LocalRotation.w
      value: 0.5
      objectReference: {fileID: 0}
    - target: {fileID: 4661692229395339069, guid: 08768c6c5a80e884a8eb2437c327dfde,
        type: 3}
      propertyPath: m_RootOrder
      value: 15
      objectReference: {fileID: 0}
    - target: {fileID: 4661692229395339069, guid: 08768c6c5a80e884a8eb2437c327dfde,
        type: 3}
      propertyPath: m_LocalEulerAnglesHint.x
      value: -90
      objectReference: {fileID: 0}
    - target: {fileID: 4661692229395339069, guid: 08768c6c5a80e884a8eb2437c327dfde,
        type: 3}
      propertyPath: m_LocalEulerAnglesHint.y
      value: 0
      objectReference: {fileID: 0}
    - target: {fileID: 4661692229395339069, guid: 08768c6c5a80e884a8eb2437c327dfde,
        type: 3}
      propertyPath: m_LocalEulerAnglesHint.z
      value: -90
      objectReference: {fileID: 0}
    - target: {fileID: 5474821126737530247, guid: 08768c6c5a80e884a8eb2437c327dfde,
        type: 3}
      propertyPath: m_Name
      value: side_wall_normal (10)
      objectReference: {fileID: 0}
    m_RemovedComponents: []
  m_SourcePrefab: {fileID: 100100000, guid: 08768c6c5a80e884a8eb2437c327dfde, type: 3}
--- !u!4 &5344803147197797487 stripped
Transform:
  m_CorrespondingSourceObject: {fileID: 4661692229395339069, guid: 08768c6c5a80e884a8eb2437c327dfde,
    type: 3}
  m_PrefabInstance: {fileID: 764809597005562706}
  m_PrefabAsset: {fileID: 0}
--- !u!1001 &1505393725961075383
PrefabInstance:
  m_ObjectHideFlags: 0
  serializedVersion: 2
  m_Modification:
    m_TransformParent: {fileID: 4939308629890462152}
    m_Modifications:
    - target: {fileID: 1421386343766627562, guid: 08768c6c5a80e884a8eb2437c327dfde,
        type: 3}
      propertyPath: m_Enabled
      value: 0
      objectReference: {fileID: 0}
    - target: {fileID: 4661692229395339069, guid: 08768c6c5a80e884a8eb2437c327dfde,
        type: 3}
      propertyPath: m_LocalPosition.x
      value: 0.5
      objectReference: {fileID: 0}
    - target: {fileID: 4661692229395339069, guid: 08768c6c5a80e884a8eb2437c327dfde,
        type: 3}
      propertyPath: m_LocalPosition.y
      value: 0
      objectReference: {fileID: 0}
    - target: {fileID: 4661692229395339069, guid: 08768c6c5a80e884a8eb2437c327dfde,
        type: 3}
      propertyPath: m_LocalPosition.z
      value: -0.5
      objectReference: {fileID: 0}
    - target: {fileID: 4661692229395339069, guid: 08768c6c5a80e884a8eb2437c327dfde,
        type: 3}
      propertyPath: m_LocalRotation.x
      value: -0.5
      objectReference: {fileID: 0}
    - target: {fileID: 4661692229395339069, guid: 08768c6c5a80e884a8eb2437c327dfde,
        type: 3}
      propertyPath: m_LocalRotation.y
      value: -0.5
      objectReference: {fileID: 0}
    - target: {fileID: 4661692229395339069, guid: 08768c6c5a80e884a8eb2437c327dfde,
        type: 3}
      propertyPath: m_LocalRotation.z
      value: -0.5
      objectReference: {fileID: 0}
    - target: {fileID: 4661692229395339069, guid: 08768c6c5a80e884a8eb2437c327dfde,
        type: 3}
      propertyPath: m_LocalRotation.w
      value: 0.5
      objectReference: {fileID: 0}
    - target: {fileID: 4661692229395339069, guid: 08768c6c5a80e884a8eb2437c327dfde,
        type: 3}
      propertyPath: m_RootOrder
      value: 1
      objectReference: {fileID: 0}
    - target: {fileID: 4661692229395339069, guid: 08768c6c5a80e884a8eb2437c327dfde,
        type: 3}
      propertyPath: m_LocalEulerAnglesHint.x
      value: -90
      objectReference: {fileID: 0}
    - target: {fileID: 4661692229395339069, guid: 08768c6c5a80e884a8eb2437c327dfde,
        type: 3}
      propertyPath: m_LocalEulerAnglesHint.y
      value: 0
      objectReference: {fileID: 0}
    - target: {fileID: 4661692229395339069, guid: 08768c6c5a80e884a8eb2437c327dfde,
        type: 3}
      propertyPath: m_LocalEulerAnglesHint.z
      value: -90
      objectReference: {fileID: 0}
    - target: {fileID: 5474821126737530247, guid: 08768c6c5a80e884a8eb2437c327dfde,
        type: 3}
      propertyPath: m_Name
      value: side_wall_normal
      objectReference: {fileID: 0}
    m_RemovedComponents: []
  m_SourcePrefab: {fileID: 100100000, guid: 08768c6c5a80e884a8eb2437c327dfde, type: 3}
--- !u!4 &6076925984396553610 stripped
Transform:
  m_CorrespondingSourceObject: {fileID: 4661692229395339069, guid: 08768c6c5a80e884a8eb2437c327dfde,
    type: 3}
  m_PrefabInstance: {fileID: 1505393725961075383}
  m_PrefabAsset: {fileID: 0}
--- !u!1001 &2244543310876379588
PrefabInstance:
  m_ObjectHideFlags: 0
  serializedVersion: 2
  m_Modification:
    m_TransformParent: {fileID: 4939308629890462152}
    m_Modifications:
    - target: {fileID: 2641235204623245620, guid: f3418a16f7d8b2a47a156369c638eecf,
        type: 3}
      propertyPath: m_Enabled
      value: 0
      objectReference: {fileID: 0}
    - target: {fileID: 6337556105142628791, guid: f3418a16f7d8b2a47a156369c638eecf,
        type: 3}
      propertyPath: m_Name
      value: corner_wall
      objectReference: {fileID: 0}
    - target: {fileID: 6681183642016951053, guid: f3418a16f7d8b2a47a156369c638eecf,
        type: 3}
      propertyPath: m_LocalPosition.x
      value: -0.5
      objectReference: {fileID: 0}
    - target: {fileID: 6681183642016951053, guid: f3418a16f7d8b2a47a156369c638eecf,
        type: 3}
      propertyPath: m_LocalPosition.y
      value: 0
      objectReference: {fileID: 0}
    - target: {fileID: 6681183642016951053, guid: f3418a16f7d8b2a47a156369c638eecf,
        type: 3}
      propertyPath: m_LocalPosition.z
      value: 4.5
      objectReference: {fileID: 0}
    - target: {fileID: 6681183642016951053, guid: f3418a16f7d8b2a47a156369c638eecf,
        type: 3}
      propertyPath: m_LocalRotation.x
      value: 0
      objectReference: {fileID: 0}
    - target: {fileID: 6681183642016951053, guid: f3418a16f7d8b2a47a156369c638eecf,
        type: 3}
      propertyPath: m_LocalRotation.y
      value: 0.7071068
      objectReference: {fileID: 0}
    - target: {fileID: 6681183642016951053, guid: f3418a16f7d8b2a47a156369c638eecf,
        type: 3}
      propertyPath: m_LocalRotation.z
      value: 0.7071068
      objectReference: {fileID: 0}
    - target: {fileID: 6681183642016951053, guid: f3418a16f7d8b2a47a156369c638eecf,
        type: 3}
      propertyPath: m_LocalRotation.w
      value: 0
      objectReference: {fileID: 0}
    - target: {fileID: 6681183642016951053, guid: f3418a16f7d8b2a47a156369c638eecf,
        type: 3}
      propertyPath: m_RootOrder
      value: 4
      objectReference: {fileID: 0}
    - target: {fileID: 6681183642016951053, guid: f3418a16f7d8b2a47a156369c638eecf,
        type: 3}
      propertyPath: m_LocalEulerAnglesHint.x
      value: -90
      objectReference: {fileID: 0}
    - target: {fileID: 6681183642016951053, guid: f3418a16f7d8b2a47a156369c638eecf,
        type: 3}
      propertyPath: m_LocalEulerAnglesHint.y
      value: 0
      objectReference: {fileID: 0}
    - target: {fileID: 6681183642016951053, guid: f3418a16f7d8b2a47a156369c638eecf,
        type: 3}
      propertyPath: m_LocalEulerAnglesHint.z
      value: 180
      objectReference: {fileID: 0}
    m_RemovedComponents: []
  m_SourcePrefab: {fileID: 100100000, guid: f3418a16f7d8b2a47a156369c638eecf, type: 3}
--- !u!4 &4872451833120301769 stripped
Transform:
  m_CorrespondingSourceObject: {fileID: 6681183642016951053, guid: f3418a16f7d8b2a47a156369c638eecf,
    type: 3}
  m_PrefabInstance: {fileID: 2244543310876379588}
  m_PrefabAsset: {fileID: 0}
--- !u!1001 &2614303526266352607
PrefabInstance:
  m_ObjectHideFlags: 0
  serializedVersion: 2
  m_Modification:
    m_TransformParent: {fileID: 4939308629890462152}
    m_Modifications:
    - target: {fileID: 1421386343766627562, guid: 08768c6c5a80e884a8eb2437c327dfde,
        type: 3}
      propertyPath: m_Enabled
      value: 0
      objectReference: {fileID: 0}
    - target: {fileID: 4661692229395339069, guid: 08768c6c5a80e884a8eb2437c327dfde,
        type: 3}
      propertyPath: m_LocalPosition.x
      value: -0.5
      objectReference: {fileID: 0}
    - target: {fileID: 4661692229395339069, guid: 08768c6c5a80e884a8eb2437c327dfde,
        type: 3}
      propertyPath: m_LocalPosition.y
      value: 0
      objectReference: {fileID: 0}
    - target: {fileID: 4661692229395339069, guid: 08768c6c5a80e884a8eb2437c327dfde,
        type: 3}
      propertyPath: m_LocalPosition.z
      value: -0.5
      objectReference: {fileID: 0}
    - target: {fileID: 4661692229395339069, guid: 08768c6c5a80e884a8eb2437c327dfde,
        type: 3}
      propertyPath: m_LocalRotation.x
      value: -0.5
      objectReference: {fileID: 0}
    - target: {fileID: 4661692229395339069, guid: 08768c6c5a80e884a8eb2437c327dfde,
        type: 3}
      propertyPath: m_LocalRotation.y
      value: 0.5
      objectReference: {fileID: 0}
    - target: {fileID: 4661692229395339069, guid: 08768c6c5a80e884a8eb2437c327dfde,
        type: 3}
      propertyPath: m_LocalRotation.z
      value: 0.5
      objectReference: {fileID: 0}
    - target: {fileID: 4661692229395339069, guid: 08768c6c5a80e884a8eb2437c327dfde,
        type: 3}
      propertyPath: m_LocalRotation.w
      value: 0.5
      objectReference: {fileID: 0}
    - target: {fileID: 4661692229395339069, guid: 08768c6c5a80e884a8eb2437c327dfde,
        type: 3}
      propertyPath: m_RootOrder
      value: 5
      objectReference: {fileID: 0}
    - target: {fileID: 4661692229395339069, guid: 08768c6c5a80e884a8eb2437c327dfde,
        type: 3}
      propertyPath: m_LocalEulerAnglesHint.x
      value: -90.00001
      objectReference: {fileID: 0}
    - target: {fileID: 4661692229395339069, guid: 08768c6c5a80e884a8eb2437c327dfde,
        type: 3}
      propertyPath: m_LocalEulerAnglesHint.y
      value: 0
      objectReference: {fileID: 0}
    - target: {fileID: 4661692229395339069, guid: 08768c6c5a80e884a8eb2437c327dfde,
        type: 3}
      propertyPath: m_LocalEulerAnglesHint.z
      value: 90
      objectReference: {fileID: 0}
    - target: {fileID: 5474821126737530247, guid: 08768c6c5a80e884a8eb2437c327dfde,
        type: 3}
      propertyPath: m_Name
      value: side_wall_normal
      objectReference: {fileID: 0}
    m_RemovedComponents: []
  m_SourcePrefab: {fileID: 100100000, guid: 08768c6c5a80e884a8eb2437c327dfde, type: 3}
--- !u!4 &7275133463398114530 stripped
Transform:
  m_CorrespondingSourceObject: {fileID: 4661692229395339069, guid: 08768c6c5a80e884a8eb2437c327dfde,
    type: 3}
  m_PrefabInstance: {fileID: 2614303526266352607}
  m_PrefabAsset: {fileID: 0}
--- !u!1001 &2817193933818215596
PrefabInstance:
  m_ObjectHideFlags: 0
  serializedVersion: 2
  m_Modification:
    m_TransformParent: {fileID: 4939308629890462152}
    m_Modifications:
    - target: {fileID: 1421386343766627562, guid: 08768c6c5a80e884a8eb2437c327dfde,
        type: 3}
      propertyPath: m_Enabled
      value: 0
      objectReference: {fileID: 0}
    - target: {fileID: 4661692229395339069, guid: 08768c6c5a80e884a8eb2437c327dfde,
        type: 3}
      propertyPath: m_LocalPosition.x
      value: 0.5
      objectReference: {fileID: 0}
    - target: {fileID: 4661692229395339069, guid: 08768c6c5a80e884a8eb2437c327dfde,
        type: 3}
      propertyPath: m_LocalPosition.y
      value: 0
      objectReference: {fileID: 0}
    - target: {fileID: 4661692229395339069, guid: 08768c6c5a80e884a8eb2437c327dfde,
        type: 3}
      propertyPath: m_LocalPosition.z
      value: 3.5
      objectReference: {fileID: 0}
    - target: {fileID: 4661692229395339069, guid: 08768c6c5a80e884a8eb2437c327dfde,
        type: 3}
      propertyPath: m_LocalRotation.x
      value: -0.5
      objectReference: {fileID: 0}
    - target: {fileID: 4661692229395339069, guid: 08768c6c5a80e884a8eb2437c327dfde,
        type: 3}
      propertyPath: m_LocalRotation.y
      value: -0.5
      objectReference: {fileID: 0}
    - target: {fileID: 4661692229395339069, guid: 08768c6c5a80e884a8eb2437c327dfde,
        type: 3}
      propertyPath: m_LocalRotation.z
      value: -0.5
      objectReference: {fileID: 0}
    - target: {fileID: 4661692229395339069, guid: 08768c6c5a80e884a8eb2437c327dfde,
        type: 3}
      propertyPath: m_LocalRotation.w
      value: 0.5
      objectReference: {fileID: 0}
    - target: {fileID: 4661692229395339069, guid: 08768c6c5a80e884a8eb2437c327dfde,
        type: 3}
      propertyPath: m_RootOrder
      value: 19
      objectReference: {fileID: 0}
    - target: {fileID: 4661692229395339069, guid: 08768c6c5a80e884a8eb2437c327dfde,
        type: 3}
      propertyPath: m_LocalEulerAnglesHint.x
      value: -90
      objectReference: {fileID: 0}
    - target: {fileID: 4661692229395339069, guid: 08768c6c5a80e884a8eb2437c327dfde,
        type: 3}
      propertyPath: m_LocalEulerAnglesHint.y
      value: 0
      objectReference: {fileID: 0}
    - target: {fileID: 4661692229395339069, guid: 08768c6c5a80e884a8eb2437c327dfde,
        type: 3}
      propertyPath: m_LocalEulerAnglesHint.z
      value: -90
      objectReference: {fileID: 0}
    - target: {fileID: 5474821126737530247, guid: 08768c6c5a80e884a8eb2437c327dfde,
        type: 3}
      propertyPath: m_Name
      value: side_wall_normal (14)
      objectReference: {fileID: 0}
    m_RemovedComponents: []
  m_SourcePrefab: {fileID: 100100000, guid: 08768c6c5a80e884a8eb2437c327dfde, type: 3}
--- !u!4 &7469508701000330129 stripped
Transform:
  m_CorrespondingSourceObject: {fileID: 4661692229395339069, guid: 08768c6c5a80e884a8eb2437c327dfde,
    type: 3}
  m_PrefabInstance: {fileID: 2817193933818215596}
  m_PrefabAsset: {fileID: 0}
--- !u!1001 &3002339258441823865
PrefabInstance:
  m_ObjectHideFlags: 0
  serializedVersion: 2
  m_Modification:
    m_TransformParent: {fileID: 4939308629890462152}
    m_Modifications:
    - target: {fileID: 1421386343766627562, guid: 08768c6c5a80e884a8eb2437c327dfde,
        type: 3}
      propertyPath: m_Enabled
      value: 0
      objectReference: {fileID: 0}
    - target: {fileID: 4661692229395339069, guid: 08768c6c5a80e884a8eb2437c327dfde,
        type: 3}
      propertyPath: m_LocalPosition.x
      value: -0.5
      objectReference: {fileID: 0}
    - target: {fileID: 4661692229395339069, guid: 08768c6c5a80e884a8eb2437c327dfde,
        type: 3}
      propertyPath: m_LocalPosition.y
      value: 0
      objectReference: {fileID: 0}
    - target: {fileID: 4661692229395339069, guid: 08768c6c5a80e884a8eb2437c327dfde,
        type: 3}
      propertyPath: m_LocalPosition.z
      value: 2.5
      objectReference: {fileID: 0}
    - target: {fileID: 4661692229395339069, guid: 08768c6c5a80e884a8eb2437c327dfde,
        type: 3}
      propertyPath: m_LocalRotation.x
      value: -0.5
      objectReference: {fileID: 0}
    - target: {fileID: 4661692229395339069, guid: 08768c6c5a80e884a8eb2437c327dfde,
        type: 3}
      propertyPath: m_LocalRotation.y
      value: 0.5
      objectReference: {fileID: 0}
    - target: {fileID: 4661692229395339069, guid: 08768c6c5a80e884a8eb2437c327dfde,
        type: 3}
      propertyPath: m_LocalRotation.z
      value: 0.5
      objectReference: {fileID: 0}
    - target: {fileID: 4661692229395339069, guid: 08768c6c5a80e884a8eb2437c327dfde,
        type: 3}
      propertyPath: m_LocalRotation.w
      value: 0.5
      objectReference: {fileID: 0}
    - target: {fileID: 4661692229395339069, guid: 08768c6c5a80e884a8eb2437c327dfde,
        type: 3}
      propertyPath: m_RootOrder
      value: 16
      objectReference: {fileID: 0}
    - target: {fileID: 4661692229395339069, guid: 08768c6c5a80e884a8eb2437c327dfde,
        type: 3}
      propertyPath: m_LocalEulerAnglesHint.x
      value: -90.00001
      objectReference: {fileID: 0}
    - target: {fileID: 4661692229395339069, guid: 08768c6c5a80e884a8eb2437c327dfde,
        type: 3}
      propertyPath: m_LocalEulerAnglesHint.y
      value: 0
      objectReference: {fileID: 0}
    - target: {fileID: 4661692229395339069, guid: 08768c6c5a80e884a8eb2437c327dfde,
        type: 3}
      propertyPath: m_LocalEulerAnglesHint.z
      value: 90
      objectReference: {fileID: 0}
    - target: {fileID: 5474821126737530247, guid: 08768c6c5a80e884a8eb2437c327dfde,
        type: 3}
      propertyPath: m_Name
      value: side_wall_normal (11)
      objectReference: {fileID: 0}
    m_RemovedComponents: []
  m_SourcePrefab: {fileID: 100100000, guid: 08768c6c5a80e884a8eb2437c327dfde, type: 3}
--- !u!4 &7573888834487492932 stripped
Transform:
  m_CorrespondingSourceObject: {fileID: 4661692229395339069, guid: 08768c6c5a80e884a8eb2437c327dfde,
    type: 3}
  m_PrefabInstance: {fileID: 3002339258441823865}
  m_PrefabAsset: {fileID: 0}
--- !u!1001 &3837669954255952697
PrefabInstance:
  m_ObjectHideFlags: 0
  serializedVersion: 2
  m_Modification:
    m_TransformParent: {fileID: 4939308629890462152}
    m_Modifications:
    - target: {fileID: 1421386343766627562, guid: 08768c6c5a80e884a8eb2437c327dfde,
        type: 3}
      propertyPath: m_Enabled
      value: 0
      objectReference: {fileID: 0}
    - target: {fileID: 4661692229395339069, guid: 08768c6c5a80e884a8eb2437c327dfde,
        type: 3}
      propertyPath: m_LocalPosition.x
      value: 0.5
      objectReference: {fileID: 0}
    - target: {fileID: 4661692229395339069, guid: 08768c6c5a80e884a8eb2437c327dfde,
        type: 3}
      propertyPath: m_LocalPosition.y
      value: 0
      objectReference: {fileID: 0}
    - target: {fileID: 4661692229395339069, guid: 08768c6c5a80e884a8eb2437c327dfde,
        type: 3}
      propertyPath: m_LocalPosition.z
      value: 2.5
      objectReference: {fileID: 0}
    - target: {fileID: 4661692229395339069, guid: 08768c6c5a80e884a8eb2437c327dfde,
        type: 3}
      propertyPath: m_LocalRotation.x
      value: -0.5
      objectReference: {fileID: 0}
    - target: {fileID: 4661692229395339069, guid: 08768c6c5a80e884a8eb2437c327dfde,
        type: 3}
      propertyPath: m_LocalRotation.y
      value: -0.5
      objectReference: {fileID: 0}
    - target: {fileID: 4661692229395339069, guid: 08768c6c5a80e884a8eb2437c327dfde,
        type: 3}
      propertyPath: m_LocalRotation.z
      value: -0.5
      objectReference: {fileID: 0}
    - target: {fileID: 4661692229395339069, guid: 08768c6c5a80e884a8eb2437c327dfde,
        type: 3}
      propertyPath: m_LocalRotation.w
      value: 0.5
      objectReference: {fileID: 0}
    - target: {fileID: 4661692229395339069, guid: 08768c6c5a80e884a8eb2437c327dfde,
        type: 3}
      propertyPath: m_RootOrder
      value: 17
      objectReference: {fileID: 0}
    - target: {fileID: 4661692229395339069, guid: 08768c6c5a80e884a8eb2437c327dfde,
        type: 3}
      propertyPath: m_LocalEulerAnglesHint.x
      value: -90
      objectReference: {fileID: 0}
    - target: {fileID: 4661692229395339069, guid: 08768c6c5a80e884a8eb2437c327dfde,
        type: 3}
      propertyPath: m_LocalEulerAnglesHint.y
      value: 0
      objectReference: {fileID: 0}
    - target: {fileID: 4661692229395339069, guid: 08768c6c5a80e884a8eb2437c327dfde,
        type: 3}
      propertyPath: m_LocalEulerAnglesHint.z
      value: -90
      objectReference: {fileID: 0}
    - target: {fileID: 5474821126737530247, guid: 08768c6c5a80e884a8eb2437c327dfde,
        type: 3}
      propertyPath: m_Name
      value: side_wall_normal (12)
      objectReference: {fileID: 0}
    m_RemovedComponents: []
  m_SourcePrefab: {fileID: 100100000, guid: 08768c6c5a80e884a8eb2437c327dfde, type: 3}
--- !u!4 &8499290990271745028 stripped
Transform:
  m_CorrespondingSourceObject: {fileID: 4661692229395339069, guid: 08768c6c5a80e884a8eb2437c327dfde,
    type: 3}
  m_PrefabInstance: {fileID: 3837669954255952697}
  m_PrefabAsset: {fileID: 0}
--- !u!1001 &4153437174884303312
PrefabInstance:
  m_ObjectHideFlags: 0
  serializedVersion: 2
  m_Modification:
    m_TransformParent: {fileID: 4939308629890462152}
    m_Modifications:
    - target: {fileID: 1421386343766627562, guid: 08768c6c5a80e884a8eb2437c327dfde,
        type: 3}
      propertyPath: m_Enabled
      value: 0
      objectReference: {fileID: 0}
    - target: {fileID: 4661692229395339069, guid: 08768c6c5a80e884a8eb2437c327dfde,
        type: 3}
      propertyPath: m_LocalPosition.x
      value: -0.5
      objectReference: {fileID: 0}
    - target: {fileID: 4661692229395339069, guid: 08768c6c5a80e884a8eb2437c327dfde,
        type: 3}
      propertyPath: m_LocalPosition.y
      value: 0
      objectReference: {fileID: 0}
    - target: {fileID: 4661692229395339069, guid: 08768c6c5a80e884a8eb2437c327dfde,
        type: 3}
      propertyPath: m_LocalPosition.z
      value: 1.5
      objectReference: {fileID: 0}
    - target: {fileID: 4661692229395339069, guid: 08768c6c5a80e884a8eb2437c327dfde,
        type: 3}
      propertyPath: m_LocalRotation.x
      value: -0.5
      objectReference: {fileID: 0}
    - target: {fileID: 4661692229395339069, guid: 08768c6c5a80e884a8eb2437c327dfde,
        type: 3}
      propertyPath: m_LocalRotation.y
      value: 0.5
      objectReference: {fileID: 0}
    - target: {fileID: 4661692229395339069, guid: 08768c6c5a80e884a8eb2437c327dfde,
        type: 3}
      propertyPath: m_LocalRotation.z
      value: 0.5
      objectReference: {fileID: 0}
    - target: {fileID: 4661692229395339069, guid: 08768c6c5a80e884a8eb2437c327dfde,
        type: 3}
      propertyPath: m_LocalRotation.w
      value: 0.5
      objectReference: {fileID: 0}
    - target: {fileID: 4661692229395339069, guid: 08768c6c5a80e884a8eb2437c327dfde,
        type: 3}
      propertyPath: m_RootOrder
      value: 14
      objectReference: {fileID: 0}
    - target: {fileID: 4661692229395339069, guid: 08768c6c5a80e884a8eb2437c327dfde,
        type: 3}
      propertyPath: m_LocalEulerAnglesHint.x
      value: -90.00001
      objectReference: {fileID: 0}
    - target: {fileID: 4661692229395339069, guid: 08768c6c5a80e884a8eb2437c327dfde,
        type: 3}
      propertyPath: m_LocalEulerAnglesHint.y
      value: 0
      objectReference: {fileID: 0}
    - target: {fileID: 4661692229395339069, guid: 08768c6c5a80e884a8eb2437c327dfde,
        type: 3}
      propertyPath: m_LocalEulerAnglesHint.z
      value: 90
      objectReference: {fileID: 0}
    - target: {fileID: 5474821126737530247, guid: 08768c6c5a80e884a8eb2437c327dfde,
        type: 3}
      propertyPath: m_Name
      value: side_wall_normal (9)
      objectReference: {fileID: 0}
    m_RemovedComponents: []
  m_SourcePrefab: {fileID: 100100000, guid: 08768c6c5a80e884a8eb2437c327dfde, type: 3}
--- !u!4 &8724125006234081005 stripped
Transform:
  m_CorrespondingSourceObject: {fileID: 4661692229395339069, guid: 08768c6c5a80e884a8eb2437c327dfde,
    type: 3}
  m_PrefabInstance: {fileID: 4153437174884303312}
  m_PrefabAsset: {fileID: 0}
--- !u!1001 &4489204495538731224
PrefabInstance:
  m_ObjectHideFlags: 0
  serializedVersion: 2
  m_Modification:
    m_TransformParent: {fileID: 4939308629890462152}
    m_Modifications:
    - target: {fileID: 1421386343766627562, guid: 08768c6c5a80e884a8eb2437c327dfde,
        type: 3}
      propertyPath: m_Enabled
      value: 0
      objectReference: {fileID: 0}
    - target: {fileID: 4661692229395339069, guid: 08768c6c5a80e884a8eb2437c327dfde,
        type: 3}
      propertyPath: m_LocalPosition.x
      value: -0.5
      objectReference: {fileID: 0}
    - target: {fileID: 4661692229395339069, guid: 08768c6c5a80e884a8eb2437c327dfde,
        type: 3}
      propertyPath: m_LocalPosition.y
      value: 0
      objectReference: {fileID: 0}
    - target: {fileID: 4661692229395339069, guid: 08768c6c5a80e884a8eb2437c327dfde,
        type: 3}
      propertyPath: m_LocalPosition.z
      value: -2.5
      objectReference: {fileID: 0}
    - target: {fileID: 4661692229395339069, guid: 08768c6c5a80e884a8eb2437c327dfde,
        type: 3}
      propertyPath: m_LocalRotation.x
      value: -0.5
      objectReference: {fileID: 0}
    - target: {fileID: 4661692229395339069, guid: 08768c6c5a80e884a8eb2437c327dfde,
        type: 3}
      propertyPath: m_LocalRotation.y
      value: 0.5
      objectReference: {fileID: 0}
    - target: {fileID: 4661692229395339069, guid: 08768c6c5a80e884a8eb2437c327dfde,
        type: 3}
      propertyPath: m_LocalRotation.z
      value: 0.5
      objectReference: {fileID: 0}
    - target: {fileID: 4661692229395339069, guid: 08768c6c5a80e884a8eb2437c327dfde,
        type: 3}
      propertyPath: m_LocalRotation.w
      value: 0.5
      objectReference: {fileID: 0}
    - target: {fileID: 4661692229395339069, guid: 08768c6c5a80e884a8eb2437c327dfde,
        type: 3}
      propertyPath: m_RootOrder
      value: 10
      objectReference: {fileID: 0}
    - target: {fileID: 4661692229395339069, guid: 08768c6c5a80e884a8eb2437c327dfde,
        type: 3}
      propertyPath: m_LocalEulerAnglesHint.x
      value: -90.00001
      objectReference: {fileID: 0}
    - target: {fileID: 4661692229395339069, guid: 08768c6c5a80e884a8eb2437c327dfde,
        type: 3}
      propertyPath: m_LocalEulerAnglesHint.y
      value: 0
      objectReference: {fileID: 0}
    - target: {fileID: 4661692229395339069, guid: 08768c6c5a80e884a8eb2437c327dfde,
        type: 3}
      propertyPath: m_LocalEulerAnglesHint.z
      value: 90
      objectReference: {fileID: 0}
    - target: {fileID: 5474821126737530247, guid: 08768c6c5a80e884a8eb2437c327dfde,
        type: 3}
      propertyPath: m_Name
      value: side_wall_normal (5)
      objectReference: {fileID: 0}
    m_RemovedComponents: []
  m_SourcePrefab: {fileID: 100100000, guid: 08768c6c5a80e884a8eb2437c327dfde, type: 3}
--- !u!4 &9150597382891827173 stripped
Transform:
  m_CorrespondingSourceObject: {fileID: 4661692229395339069, guid: 08768c6c5a80e884a8eb2437c327dfde,
    type: 3}
  m_PrefabInstance: {fileID: 4489204495538731224}
  m_PrefabAsset: {fileID: 0}
--- !u!1001 &4828107615933529820
PrefabInstance:
  m_ObjectHideFlags: 0
  serializedVersion: 2
  m_Modification:
    m_TransformParent: {fileID: 4939308629890462152}
    m_Modifications:
    - target: {fileID: 1421386343766627562, guid: 08768c6c5a80e884a8eb2437c327dfde,
        type: 3}
      propertyPath: m_Enabled
      value: 0
      objectReference: {fileID: 0}
    - target: {fileID: 4661692229395339069, guid: 08768c6c5a80e884a8eb2437c327dfde,
        type: 3}
      propertyPath: m_LocalPosition.x
      value: -0.5
      objectReference: {fileID: 0}
    - target: {fileID: 4661692229395339069, guid: 08768c6c5a80e884a8eb2437c327dfde,
        type: 3}
      propertyPath: m_LocalPosition.y
      value: 0
      objectReference: {fileID: 0}
    - target: {fileID: 4661692229395339069, guid: 08768c6c5a80e884a8eb2437c327dfde,
        type: 3}
      propertyPath: m_LocalPosition.z
      value: 3.5
      objectReference: {fileID: 0}
    - target: {fileID: 4661692229395339069, guid: 08768c6c5a80e884a8eb2437c327dfde,
        type: 3}
      propertyPath: m_LocalRotation.x
      value: -0.5
      objectReference: {fileID: 0}
    - target: {fileID: 4661692229395339069, guid: 08768c6c5a80e884a8eb2437c327dfde,
        type: 3}
      propertyPath: m_LocalRotation.y
      value: 0.5
      objectReference: {fileID: 0}
    - target: {fileID: 4661692229395339069, guid: 08768c6c5a80e884a8eb2437c327dfde,
        type: 3}
      propertyPath: m_LocalRotation.z
      value: 0.5
      objectReference: {fileID: 0}
    - target: {fileID: 4661692229395339069, guid: 08768c6c5a80e884a8eb2437c327dfde,
        type: 3}
      propertyPath: m_LocalRotation.w
      value: 0.5
      objectReference: {fileID: 0}
    - target: {fileID: 4661692229395339069, guid: 08768c6c5a80e884a8eb2437c327dfde,
        type: 3}
      propertyPath: m_RootOrder
      value: 18
      objectReference: {fileID: 0}
    - target: {fileID: 4661692229395339069, guid: 08768c6c5a80e884a8eb2437c327dfde,
        type: 3}
      propertyPath: m_LocalEulerAnglesHint.x
      value: -90.00001
      objectReference: {fileID: 0}
    - target: {fileID: 4661692229395339069, guid: 08768c6c5a80e884a8eb2437c327dfde,
        type: 3}
      propertyPath: m_LocalEulerAnglesHint.y
      value: 0
      objectReference: {fileID: 0}
    - target: {fileID: 4661692229395339069, guid: 08768c6c5a80e884a8eb2437c327dfde,
        type: 3}
      propertyPath: m_LocalEulerAnglesHint.z
      value: 90
      objectReference: {fileID: 0}
    - target: {fileID: 5474821126737530247, guid: 08768c6c5a80e884a8eb2437c327dfde,
        type: 3}
      propertyPath: m_Name
      value: side_wall_normal (13)
      objectReference: {fileID: 0}
    m_RemovedComponents: []
  m_SourcePrefab: {fileID: 100100000, guid: 08768c6c5a80e884a8eb2437c327dfde, type: 3}
--- !u!4 &266075395367741921 stripped
Transform:
  m_CorrespondingSourceObject: {fileID: 4661692229395339069, guid: 08768c6c5a80e884a8eb2437c327dfde,
    type: 3}
  m_PrefabInstance: {fileID: 4828107615933529820}
  m_PrefabAsset: {fileID: 0}
--- !u!1001 &4964843680723275387
PrefabInstance:
  m_ObjectHideFlags: 0
  serializedVersion: 2
  m_Modification:
    m_TransformParent: {fileID: 4939308629890462152}
    m_Modifications:
    - target: {fileID: 1421386343766627562, guid: 08768c6c5a80e884a8eb2437c327dfde,
        type: 3}
      propertyPath: m_Enabled
      value: 0
      objectReference: {fileID: 0}
    - target: {fileID: 4661692229395339069, guid: 08768c6c5a80e884a8eb2437c327dfde,
        type: 3}
      propertyPath: m_LocalPosition.x
      value: -0.5
      objectReference: {fileID: 0}
    - target: {fileID: 4661692229395339069, guid: 08768c6c5a80e884a8eb2437c327dfde,
        type: 3}
      propertyPath: m_LocalPosition.y
      value: 0
      objectReference: {fileID: 0}
    - target: {fileID: 4661692229395339069, guid: 08768c6c5a80e884a8eb2437c327dfde,
        type: 3}
      propertyPath: m_LocalPosition.z
      value: 0.5
      objectReference: {fileID: 0}
    - target: {fileID: 4661692229395339069, guid: 08768c6c5a80e884a8eb2437c327dfde,
        type: 3}
      propertyPath: m_LocalRotation.x
      value: -0.5
      objectReference: {fileID: 0}
    - target: {fileID: 4661692229395339069, guid: 08768c6c5a80e884a8eb2437c327dfde,
        type: 3}
      propertyPath: m_LocalRotation.y
      value: 0.5
      objectReference: {fileID: 0}
    - target: {fileID: 4661692229395339069, guid: 08768c6c5a80e884a8eb2437c327dfde,
        type: 3}
      propertyPath: m_LocalRotation.z
      value: 0.5
      objectReference: {fileID: 0}
    - target: {fileID: 4661692229395339069, guid: 08768c6c5a80e884a8eb2437c327dfde,
        type: 3}
      propertyPath: m_LocalRotation.w
      value: 0.5
      objectReference: {fileID: 0}
    - target: {fileID: 4661692229395339069, guid: 08768c6c5a80e884a8eb2437c327dfde,
        type: 3}
      propertyPath: m_RootOrder
      value: 6
      objectReference: {fileID: 0}
    - target: {fileID: 4661692229395339069, guid: 08768c6c5a80e884a8eb2437c327dfde,
        type: 3}
      propertyPath: m_LocalEulerAnglesHint.x
      value: -90.00001
      objectReference: {fileID: 0}
    - target: {fileID: 4661692229395339069, guid: 08768c6c5a80e884a8eb2437c327dfde,
        type: 3}
      propertyPath: m_LocalEulerAnglesHint.y
      value: 0
      objectReference: {fileID: 0}
    - target: {fileID: 4661692229395339069, guid: 08768c6c5a80e884a8eb2437c327dfde,
        type: 3}
      propertyPath: m_LocalEulerAnglesHint.z
      value: 90
      objectReference: {fileID: 0}
    - target: {fileID: 5474821126737530247, guid: 08768c6c5a80e884a8eb2437c327dfde,
        type: 3}
      propertyPath: m_Name
      value: side_wall_normal (1)
      objectReference: {fileID: 0}
    m_RemovedComponents: []
  m_SourcePrefab: {fileID: 100100000, guid: 08768c6c5a80e884a8eb2437c327dfde, type: 3}
--- !u!4 &312722442652244294 stripped
Transform:
  m_CorrespondingSourceObject: {fileID: 4661692229395339069, guid: 08768c6c5a80e884a8eb2437c327dfde,
    type: 3}
  m_PrefabInstance: {fileID: 4964843680723275387}
  m_PrefabAsset: {fileID: 0}
--- !u!1001 &5784365685071980418
PrefabInstance:
  m_ObjectHideFlags: 0
  serializedVersion: 2
  m_Modification:
    m_TransformParent: {fileID: 4939308629890462152}
    m_Modifications:
    - target: {fileID: 1421386343766627562, guid: 08768c6c5a80e884a8eb2437c327dfde,
        type: 3}
      propertyPath: m_Enabled
      value: 0
      objectReference: {fileID: 0}
    - target: {fileID: 4661692229395339069, guid: 08768c6c5a80e884a8eb2437c327dfde,
        type: 3}
      propertyPath: m_LocalPosition.x
      value: -0.5
      objectReference: {fileID: 0}
    - target: {fileID: 4661692229395339069, guid: 08768c6c5a80e884a8eb2437c327dfde,
        type: 3}
      propertyPath: m_LocalPosition.y
      value: 0
      objectReference: {fileID: 0}
    - target: {fileID: 4661692229395339069, guid: 08768c6c5a80e884a8eb2437c327dfde,
        type: 3}
      propertyPath: m_LocalPosition.z
      value: -1.5
      objectReference: {fileID: 0}
    - target: {fileID: 4661692229395339069, guid: 08768c6c5a80e884a8eb2437c327dfde,
        type: 3}
      propertyPath: m_LocalRotation.x
      value: -0.5
      objectReference: {fileID: 0}
    - target: {fileID: 4661692229395339069, guid: 08768c6c5a80e884a8eb2437c327dfde,
        type: 3}
      propertyPath: m_LocalRotation.y
      value: 0.5
      objectReference: {fileID: 0}
    - target: {fileID: 4661692229395339069, guid: 08768c6c5a80e884a8eb2437c327dfde,
        type: 3}
      propertyPath: m_LocalRotation.z
      value: 0.5
      objectReference: {fileID: 0}
    - target: {fileID: 4661692229395339069, guid: 08768c6c5a80e884a8eb2437c327dfde,
        type: 3}
      propertyPath: m_LocalRotation.w
      value: 0.5
      objectReference: {fileID: 0}
    - target: {fileID: 4661692229395339069, guid: 08768c6c5a80e884a8eb2437c327dfde,
        type: 3}
      propertyPath: m_RootOrder
      value: 8
      objectReference: {fileID: 0}
    - target: {fileID: 4661692229395339069, guid: 08768c6c5a80e884a8eb2437c327dfde,
        type: 3}
      propertyPath: m_LocalEulerAnglesHint.x
      value: -90.00001
      objectReference: {fileID: 0}
    - target: {fileID: 4661692229395339069, guid: 08768c6c5a80e884a8eb2437c327dfde,
        type: 3}
      propertyPath: m_LocalEulerAnglesHint.y
      value: 0
      objectReference: {fileID: 0}
    - target: {fileID: 4661692229395339069, guid: 08768c6c5a80e884a8eb2437c327dfde,
        type: 3}
      propertyPath: m_LocalEulerAnglesHint.z
      value: 90
      objectReference: {fileID: 0}
    - target: {fileID: 5474821126737530247, guid: 08768c6c5a80e884a8eb2437c327dfde,
        type: 3}
      propertyPath: m_Name
      value: side_wall_normal (3)
      objectReference: {fileID: 0}
    m_RemovedComponents: []
  m_SourcePrefab: {fileID: 100100000, guid: 08768c6c5a80e884a8eb2437c327dfde, type: 3}
--- !u!4 &1222614684199448767 stripped
Transform:
  m_CorrespondingSourceObject: {fileID: 4661692229395339069, guid: 08768c6c5a80e884a8eb2437c327dfde,
    type: 3}
  m_PrefabInstance: {fileID: 5784365685071980418}
  m_PrefabAsset: {fileID: 0}
--- !u!1001 &6102926922784534945
PrefabInstance:
  m_ObjectHideFlags: 0
  serializedVersion: 2
  m_Modification:
    m_TransformParent: {fileID: 4939308629890462152}
    m_Modifications:
    - target: {fileID: 2641235204623245620, guid: f3418a16f7d8b2a47a156369c638eecf,
        type: 3}
      propertyPath: m_Enabled
      value: 0
      objectReference: {fileID: 0}
    - target: {fileID: 6337556105142628791, guid: f3418a16f7d8b2a47a156369c638eecf,
        type: 3}
      propertyPath: m_Name
      value: corner_wall
      objectReference: {fileID: 0}
    - target: {fileID: 6681183642016951053, guid: f3418a16f7d8b2a47a156369c638eecf,
        type: 3}
      propertyPath: m_LocalPosition.x
      value: 0.5
      objectReference: {fileID: 0}
    - target: {fileID: 6681183642016951053, guid: f3418a16f7d8b2a47a156369c638eecf,
        type: 3}
      propertyPath: m_LocalPosition.y
      value: 0
      objectReference: {fileID: 0}
    - target: {fileID: 6681183642016951053, guid: f3418a16f7d8b2a47a156369c638eecf,
        type: 3}
      propertyPath: m_LocalPosition.z
      value: -4.5
      objectReference: {fileID: 0}
    - target: {fileID: 6681183642016951053, guid: f3418a16f7d8b2a47a156369c638eecf,
        type: 3}
      propertyPath: m_LocalRotation.x
      value: -0.7071068
      objectReference: {fileID: 0}
    - target: {fileID: 6681183642016951053, guid: f3418a16f7d8b2a47a156369c638eecf,
        type: 3}
      propertyPath: m_LocalRotation.y
      value: 0
      objectReference: {fileID: 0}
    - target: {fileID: 6681183642016951053, guid: f3418a16f7d8b2a47a156369c638eecf,
        type: 3}
      propertyPath: m_LocalRotation.z
      value: 0
      objectReference: {fileID: 0}
    - target: {fileID: 6681183642016951053, guid: f3418a16f7d8b2a47a156369c638eecf,
        type: 3}
      propertyPath: m_LocalRotation.w
      value: 0.7071068
      objectReference: {fileID: 0}
    - target: {fileID: 6681183642016951053, guid: f3418a16f7d8b2a47a156369c638eecf,
        type: 3}
      propertyPath: m_RootOrder
      value: 0
      objectReference: {fileID: 0}
    - target: {fileID: 6681183642016951053, guid: f3418a16f7d8b2a47a156369c638eecf,
        type: 3}
      propertyPath: m_LocalEulerAnglesHint.x
      value: -90
      objectReference: {fileID: 0}
    - target: {fileID: 6681183642016951053, guid: f3418a16f7d8b2a47a156369c638eecf,
        type: 3}
      propertyPath: m_LocalEulerAnglesHint.y
      value: 0
      objectReference: {fileID: 0}
    - target: {fileID: 6681183642016951053, guid: f3418a16f7d8b2a47a156369c638eecf,
        type: 3}
      propertyPath: m_LocalEulerAnglesHint.z
      value: 0
      objectReference: {fileID: 0}
    m_RemovedComponents: []
  m_SourcePrefab: {fileID: 100100000, guid: f3418a16f7d8b2a47a156369c638eecf, type: 3}
--- !u!4 &579177285415819948 stripped
Transform:
  m_CorrespondingSourceObject: {fileID: 6681183642016951053, guid: f3418a16f7d8b2a47a156369c638eecf,
    type: 3}
  m_PrefabInstance: {fileID: 6102926922784534945}
  m_PrefabAsset: {fileID: 0}
--- !u!1001 &7040783089359958469
PrefabInstance:
  m_ObjectHideFlags: 0
  serializedVersion: 2
  m_Modification:
    m_TransformParent: {fileID: 4939308629890462152}
    m_Modifications:
    - target: {fileID: 1421386343766627562, guid: 08768c6c5a80e884a8eb2437c327dfde,
        type: 3}
      propertyPath: m_Enabled
      value: 0
      objectReference: {fileID: 0}
    - target: {fileID: 4661692229395339069, guid: 08768c6c5a80e884a8eb2437c327dfde,
        type: 3}
      propertyPath: m_LocalPosition.x
      value: 0.5
      objectReference: {fileID: 0}
    - target: {fileID: 4661692229395339069, guid: 08768c6c5a80e884a8eb2437c327dfde,
        type: 3}
      propertyPath: m_LocalPosition.y
      value: 0
      objectReference: {fileID: 0}
    - target: {fileID: 4661692229395339069, guid: 08768c6c5a80e884a8eb2437c327dfde,
        type: 3}
      propertyPath: m_LocalPosition.z
      value: 0.5
      objectReference: {fileID: 0}
    - target: {fileID: 4661692229395339069, guid: 08768c6c5a80e884a8eb2437c327dfde,
        type: 3}
      propertyPath: m_LocalRotation.x
      value: -0.5
      objectReference: {fileID: 0}
    - target: {fileID: 4661692229395339069, guid: 08768c6c5a80e884a8eb2437c327dfde,
        type: 3}
      propertyPath: m_LocalRotation.y
      value: -0.5
      objectReference: {fileID: 0}
    - target: {fileID: 4661692229395339069, guid: 08768c6c5a80e884a8eb2437c327dfde,
        type: 3}
      propertyPath: m_LocalRotation.z
      value: -0.5
      objectReference: {fileID: 0}
    - target: {fileID: 4661692229395339069, guid: 08768c6c5a80e884a8eb2437c327dfde,
        type: 3}
      propertyPath: m_LocalRotation.w
      value: 0.5
      objectReference: {fileID: 0}
    - target: {fileID: 4661692229395339069, guid: 08768c6c5a80e884a8eb2437c327dfde,
        type: 3}
      propertyPath: m_RootOrder
      value: 7
      objectReference: {fileID: 0}
    - target: {fileID: 4661692229395339069, guid: 08768c6c5a80e884a8eb2437c327dfde,
        type: 3}
      propertyPath: m_LocalEulerAnglesHint.x
      value: -90
      objectReference: {fileID: 0}
    - target: {fileID: 4661692229395339069, guid: 08768c6c5a80e884a8eb2437c327dfde,
        type: 3}
      propertyPath: m_LocalEulerAnglesHint.y
      value: 0
      objectReference: {fileID: 0}
    - target: {fileID: 4661692229395339069, guid: 08768c6c5a80e884a8eb2437c327dfde,
        type: 3}
      propertyPath: m_LocalEulerAnglesHint.z
      value: -90
      objectReference: {fileID: 0}
    - target: {fileID: 5474821126737530247, guid: 08768c6c5a80e884a8eb2437c327dfde,
        type: 3}
      propertyPath: m_Name
      value: side_wall_normal (2)
      objectReference: {fileID: 0}
    m_RemovedComponents: []
  m_SourcePrefab: {fileID: 100100000, guid: 08768c6c5a80e884a8eb2437c327dfde, type: 3}
--- !u!4 &2379108454568453880 stripped
Transform:
  m_CorrespondingSourceObject: {fileID: 4661692229395339069, guid: 08768c6c5a80e884a8eb2437c327dfde,
    type: 3}
  m_PrefabInstance: {fileID: 7040783089359958469}
  m_PrefabAsset: {fileID: 0}
--- !u!1001 &7836100600821283966
PrefabInstance:
  m_ObjectHideFlags: 0
  serializedVersion: 2
  m_Modification:
    m_TransformParent: {fileID: 4939308629890462152}
    m_Modifications:
    - target: {fileID: 2641235204623245620, guid: f3418a16f7d8b2a47a156369c638eecf,
        type: 3}
      propertyPath: m_Enabled
      value: 0
      objectReference: {fileID: 0}
    - target: {fileID: 6337556105142628791, guid: f3418a16f7d8b2a47a156369c638eecf,
        type: 3}
      propertyPath: m_Name
      value: corner_wall
      objectReference: {fileID: 0}
    - target: {fileID: 6681183642016951053, guid: f3418a16f7d8b2a47a156369c638eecf,
        type: 3}
      propertyPath: m_LocalPosition.x
      value: 0.5
      objectReference: {fileID: 0}
    - target: {fileID: 6681183642016951053, guid: f3418a16f7d8b2a47a156369c638eecf,
        type: 3}
      propertyPath: m_LocalPosition.y
      value: 0
      objectReference: {fileID: 0}
    - target: {fileID: 6681183642016951053, guid: f3418a16f7d8b2a47a156369c638eecf,
        type: 3}
      propertyPath: m_LocalPosition.z
      value: 4.5
      objectReference: {fileID: 0}
    - target: {fileID: 6681183642016951053, guid: f3418a16f7d8b2a47a156369c638eecf,
        type: 3}
      propertyPath: m_LocalRotation.x
      value: -0.5
      objectReference: {fileID: 0}
    - target: {fileID: 6681183642016951053, guid: f3418a16f7d8b2a47a156369c638eecf,
        type: 3}
      propertyPath: m_LocalRotation.y
      value: -0.5
      objectReference: {fileID: 0}
    - target: {fileID: 6681183642016951053, guid: f3418a16f7d8b2a47a156369c638eecf,
        type: 3}
      propertyPath: m_LocalRotation.z
      value: -0.5
      objectReference: {fileID: 0}
    - target: {fileID: 6681183642016951053, guid: f3418a16f7d8b2a47a156369c638eecf,
        type: 3}
      propertyPath: m_LocalRotation.w
      value: 0.5
      objectReference: {fileID: 0}
    - target: {fileID: 6681183642016951053, guid: f3418a16f7d8b2a47a156369c638eecf,
        type: 3}
      propertyPath: m_RootOrder
      value: 2
      objectReference: {fileID: 0}
    - target: {fileID: 6681183642016951053, guid: f3418a16f7d8b2a47a156369c638eecf,
        type: 3}
      propertyPath: m_LocalEulerAnglesHint.x
      value: -90
      objectReference: {fileID: 0}
    - target: {fileID: 6681183642016951053, guid: f3418a16f7d8b2a47a156369c638eecf,
        type: 3}
      propertyPath: m_LocalEulerAnglesHint.y
      value: 0
      objectReference: {fileID: 0}
    - target: {fileID: 6681183642016951053, guid: f3418a16f7d8b2a47a156369c638eecf,
        type: 3}
      propertyPath: m_LocalEulerAnglesHint.z
      value: -90
      objectReference: {fileID: 0}
    m_RemovedComponents: []
  m_SourcePrefab: {fileID: 100100000, guid: f3418a16f7d8b2a47a156369c638eecf, type: 3}
--- !u!4 &3460803992425027443 stripped
Transform:
  m_CorrespondingSourceObject: {fileID: 6681183642016951053, guid: f3418a16f7d8b2a47a156369c638eecf,
    type: 3}
  m_PrefabInstance: {fileID: 7836100600821283966}
  m_PrefabAsset: {fileID: 0}
--- !u!1001 &8678028232322503510
PrefabInstance:
  m_ObjectHideFlags: 0
  serializedVersion: 2
  m_Modification:
    m_TransformParent: {fileID: 4939308629890462152}
    m_Modifications:
    - target: {fileID: 1421386343766627562, guid: 08768c6c5a80e884a8eb2437c327dfde,
        type: 3}
      propertyPath: m_Enabled
      value: 0
      objectReference: {fileID: 0}
    - target: {fileID: 4661692229395339069, guid: 08768c6c5a80e884a8eb2437c327dfde,
        type: 3}
      propertyPath: m_LocalPosition.x
      value: 0.5
      objectReference: {fileID: 0}
    - target: {fileID: 4661692229395339069, guid: 08768c6c5a80e884a8eb2437c327dfde,
        type: 3}
      propertyPath: m_LocalPosition.y
      value: 0
      objectReference: {fileID: 0}
    - target: {fileID: 4661692229395339069, guid: 08768c6c5a80e884a8eb2437c327dfde,
        type: 3}
      propertyPath: m_LocalPosition.z
      value: -2.5
      objectReference: {fileID: 0}
    - target: {fileID: 4661692229395339069, guid: 08768c6c5a80e884a8eb2437c327dfde,
        type: 3}
      propertyPath: m_LocalRotation.x
      value: -0.5
      objectReference: {fileID: 0}
    - target: {fileID: 4661692229395339069, guid: 08768c6c5a80e884a8eb2437c327dfde,
        type: 3}
      propertyPath: m_LocalRotation.y
      value: -0.5
      objectReference: {fileID: 0}
    - target: {fileID: 4661692229395339069, guid: 08768c6c5a80e884a8eb2437c327dfde,
        type: 3}
      propertyPath: m_LocalRotation.z
      value: -0.5
      objectReference: {fileID: 0}
    - target: {fileID: 4661692229395339069, guid: 08768c6c5a80e884a8eb2437c327dfde,
        type: 3}
      propertyPath: m_LocalRotation.w
      value: 0.5
      objectReference: {fileID: 0}
    - target: {fileID: 4661692229395339069, guid: 08768c6c5a80e884a8eb2437c327dfde,
        type: 3}
      propertyPath: m_RootOrder
      value: 11
      objectReference: {fileID: 0}
    - target: {fileID: 4661692229395339069, guid: 08768c6c5a80e884a8eb2437c327dfde,
        type: 3}
      propertyPath: m_LocalEulerAnglesHint.x
      value: -90
      objectReference: {fileID: 0}
    - target: {fileID: 4661692229395339069, guid: 08768c6c5a80e884a8eb2437c327dfde,
        type: 3}
      propertyPath: m_LocalEulerAnglesHint.y
      value: 0
      objectReference: {fileID: 0}
    - target: {fileID: 4661692229395339069, guid: 08768c6c5a80e884a8eb2437c327dfde,
        type: 3}
      propertyPath: m_LocalEulerAnglesHint.z
      value: -90
      objectReference: {fileID: 0}
    - target: {fileID: 5474821126737530247, guid: 08768c6c5a80e884a8eb2437c327dfde,
        type: 3}
      propertyPath: m_Name
      value: side_wall_normal (6)
      objectReference: {fileID: 0}
    m_RemovedComponents: []
  m_SourcePrefab: {fileID: 100100000, guid: 08768c6c5a80e884a8eb2437c327dfde, type: 3}
--- !u!4 &4098034664708113515 stripped
Transform:
  m_CorrespondingSourceObject: {fileID: 4661692229395339069, guid: 08768c6c5a80e884a8eb2437c327dfde,
    type: 3}
  m_PrefabInstance: {fileID: 8678028232322503510}
  m_PrefabAsset: {fileID: 0}
--- !u!1001 &8822278855608199086
PrefabInstance:
  m_ObjectHideFlags: 0
  serializedVersion: 2
  m_Modification:
    m_TransformParent: {fileID: 4939308629890462152}
    m_Modifications:
    - target: {fileID: 1421386343766627562, guid: 08768c6c5a80e884a8eb2437c327dfde,
        type: 3}
      propertyPath: m_Enabled
      value: 0
      objectReference: {fileID: 0}
    - target: {fileID: 4661692229395339069, guid: 08768c6c5a80e884a8eb2437c327dfde,
        type: 3}
      propertyPath: m_LocalPosition.x
      value: 0.5
      objectReference: {fileID: 0}
    - target: {fileID: 4661692229395339069, guid: 08768c6c5a80e884a8eb2437c327dfde,
        type: 3}
      propertyPath: m_LocalPosition.y
      value: 0
      objectReference: {fileID: 0}
    - target: {fileID: 4661692229395339069, guid: 08768c6c5a80e884a8eb2437c327dfde,
        type: 3}
      propertyPath: m_LocalPosition.z
      value: -3.5
      objectReference: {fileID: 0}
    - target: {fileID: 4661692229395339069, guid: 08768c6c5a80e884a8eb2437c327dfde,
        type: 3}
      propertyPath: m_LocalRotation.x
      value: -0.5
      objectReference: {fileID: 0}
    - target: {fileID: 4661692229395339069, guid: 08768c6c5a80e884a8eb2437c327dfde,
        type: 3}
      propertyPath: m_LocalRotation.y
      value: -0.5
      objectReference: {fileID: 0}
    - target: {fileID: 4661692229395339069, guid: 08768c6c5a80e884a8eb2437c327dfde,
        type: 3}
      propertyPath: m_LocalRotation.z
      value: -0.5
      objectReference: {fileID: 0}
    - target: {fileID: 4661692229395339069, guid: 08768c6c5a80e884a8eb2437c327dfde,
        type: 3}
      propertyPath: m_LocalRotation.w
      value: 0.5
      objectReference: {fileID: 0}
    - target: {fileID: 4661692229395339069, guid: 08768c6c5a80e884a8eb2437c327dfde,
        type: 3}
      propertyPath: m_RootOrder
      value: 13
      objectReference: {fileID: 0}
    - target: {fileID: 4661692229395339069, guid: 08768c6c5a80e884a8eb2437c327dfde,
        type: 3}
      propertyPath: m_LocalEulerAnglesHint.x
      value: -90
      objectReference: {fileID: 0}
    - target: {fileID: 4661692229395339069, guid: 08768c6c5a80e884a8eb2437c327dfde,
        type: 3}
      propertyPath: m_LocalEulerAnglesHint.y
      value: 0
      objectReference: {fileID: 0}
    - target: {fileID: 4661692229395339069, guid: 08768c6c5a80e884a8eb2437c327dfde,
        type: 3}
      propertyPath: m_LocalEulerAnglesHint.z
      value: -90
      objectReference: {fileID: 0}
    - target: {fileID: 5474821126737530247, guid: 08768c6c5a80e884a8eb2437c327dfde,
        type: 3}
      propertyPath: m_Name
      value: side_wall_normal (8)
      objectReference: {fileID: 0}
    m_RemovedComponents: []
  m_SourcePrefab: {fileID: 100100000, guid: 08768c6c5a80e884a8eb2437c327dfde, type: 3}
--- !u!4 &4242020872861888659 stripped
Transform:
  m_CorrespondingSourceObject: {fileID: 4661692229395339069, guid: 08768c6c5a80e884a8eb2437c327dfde,
    type: 3}
  m_PrefabInstance: {fileID: 8822278855608199086}
  m_PrefabAsset: {fileID: 0}
--- !u!1001 &8923369180935446621
PrefabInstance:
  m_ObjectHideFlags: 0
  serializedVersion: 2
  m_Modification:
    m_TransformParent: {fileID: 4939308629890462152}
    m_Modifications:
    - target: {fileID: 1421386343766627562, guid: 08768c6c5a80e884a8eb2437c327dfde,
        type: 3}
      propertyPath: m_Enabled
      value: 0
      objectReference: {fileID: 0}
    - target: {fileID: 4661692229395339069, guid: 08768c6c5a80e884a8eb2437c327dfde,
        type: 3}
      propertyPath: m_LocalPosition.x
      value: 0.5
      objectReference: {fileID: 0}
    - target: {fileID: 4661692229395339069, guid: 08768c6c5a80e884a8eb2437c327dfde,
        type: 3}
      propertyPath: m_LocalPosition.y
      value: 0
      objectReference: {fileID: 0}
    - target: {fileID: 4661692229395339069, guid: 08768c6c5a80e884a8eb2437c327dfde,
        type: 3}
      propertyPath: m_LocalPosition.z
      value: -1.5
      objectReference: {fileID: 0}
    - target: {fileID: 4661692229395339069, guid: 08768c6c5a80e884a8eb2437c327dfde,
        type: 3}
      propertyPath: m_LocalRotation.x
      value: -0.5
      objectReference: {fileID: 0}
    - target: {fileID: 4661692229395339069, guid: 08768c6c5a80e884a8eb2437c327dfde,
        type: 3}
      propertyPath: m_LocalRotation.y
      value: -0.5
      objectReference: {fileID: 0}
    - target: {fileID: 4661692229395339069, guid: 08768c6c5a80e884a8eb2437c327dfde,
        type: 3}
      propertyPath: m_LocalRotation.z
      value: -0.5
      objectReference: {fileID: 0}
    - target: {fileID: 4661692229395339069, guid: 08768c6c5a80e884a8eb2437c327dfde,
        type: 3}
      propertyPath: m_LocalRotation.w
      value: 0.5
      objectReference: {fileID: 0}
    - target: {fileID: 4661692229395339069, guid: 08768c6c5a80e884a8eb2437c327dfde,
        type: 3}
      propertyPath: m_RootOrder
      value: 9
      objectReference: {fileID: 0}
    - target: {fileID: 4661692229395339069, guid: 08768c6c5a80e884a8eb2437c327dfde,
        type: 3}
      propertyPath: m_LocalEulerAnglesHint.x
      value: -90
      objectReference: {fileID: 0}
    - target: {fileID: 4661692229395339069, guid: 08768c6c5a80e884a8eb2437c327dfde,
        type: 3}
      propertyPath: m_LocalEulerAnglesHint.y
      value: 0
      objectReference: {fileID: 0}
    - target: {fileID: 4661692229395339069, guid: 08768c6c5a80e884a8eb2437c327dfde,
        type: 3}
      propertyPath: m_LocalEulerAnglesHint.z
      value: -90
      objectReference: {fileID: 0}
    - target: {fileID: 5474821126737530247, guid: 08768c6c5a80e884a8eb2437c327dfde,
        type: 3}
      propertyPath: m_Name
      value: side_wall_normal (4)
      objectReference: {fileID: 0}
    m_RemovedComponents: []
  m_SourcePrefab: {fileID: 100100000, guid: 08768c6c5a80e884a8eb2437c327dfde, type: 3}
--- !u!4 &4280535792429676384 stripped
Transform:
  m_CorrespondingSourceObject: {fileID: 4661692229395339069, guid: 08768c6c5a80e884a8eb2437c327dfde,
    type: 3}
  m_PrefabInstance: {fileID: 8923369180935446621}
  m_PrefabAsset: {fileID: 0}
