%YAML 1.1
%TAG !u! tag:unity3d.com,2011:
--- !u!1 &4508245171140992470
GameObject:
  m_ObjectHideFlags: 0
  m_CorrespondingSourceObject: {fileID: 0}
  m_PrefabInstance: {fileID: 0}
  m_PrefabAsset: {fileID: 0}
  serializedVersion: 6
  m_Component:
  - component: {fileID: 193562558221138998}
  - component: {fileID: 2747423968137006009}
  m_Layer: 0
  m_Name: R_wall_2x4
  m_TagString: Untagged
  m_Icon: {fileID: 0}
  m_NavMeshLayer: 0
  m_StaticEditorFlags: 0
  m_IsActive: 1
--- !u!4 &193562558221138998
Transform:
  m_ObjectHideFlags: 0
  m_CorrespondingSourceObject: {fileID: 0}
  m_PrefabInstance: {fileID: 0}
  m_PrefabAsset: {fileID: 0}
  m_GameObject: {fileID: 4508245171140992470}
  m_LocalRotation: {x: 0, y: 0, z: 0, w: 1}
  m_LocalPosition: {x: 0, y: 0, z: 0}
  m_LocalScale: {x: 1, y: 1, z: 1}
  m_Children:
  - {fileID: 5633433263136380754}
  - {fileID: 1329068648542658676}
  - {fileID: 8512755462491150989}
  - {fileID: 2041517734095072574}
  - {fileID: 412697536225374007}
  - {fileID: 1961036328970521047}
  - {fileID: 2509112259873384732}
  - {fileID: 2794550318224243130}
  m_Father: {fileID: 0}
  m_RootOrder: 0
  m_LocalEulerAnglesHint: {x: 0, y: 0, z: 0}
--- !u!65 &2747423968137006009
BoxCollider:
  m_ObjectHideFlags: 0
  m_CorrespondingSourceObject: {fileID: 0}
  m_PrefabInstance: {fileID: 0}
  m_PrefabAsset: {fileID: 0}
  m_GameObject: {fileID: 4508245171140992470}
  m_Material: {fileID: 0}
  m_IsTrigger: 0
  m_Enabled: 1
  serializedVersion: 2
  m_Size: {x: 1, y: 0.19861746, z: 4}
  m_Center: {x: 0, y: 0.09, z: 0}
--- !u!1001 &1339166315164679263
PrefabInstance:
  m_ObjectHideFlags: 0
  serializedVersion: 2
  m_Modification:
    m_TransformParent: {fileID: 193562558221138998}
    m_Modifications:
    - target: {fileID: 2641235204623245620, guid: f3418a16f7d8b2a47a156369c638eecf,
        type: 3}
      propertyPath: m_Enabled
      value: 0
      objectReference: {fileID: 0}
    - target: {fileID: 5166799276776995688, guid: f3418a16f7d8b2a47a156369c638eecf,
        type: 3}
      propertyPath: m_LocalPosition.x
      value: 0.5
      objectReference: {fileID: 0}
    - target: {fileID: 5166799276776995688, guid: f3418a16f7d8b2a47a156369c638eecf,
        type: 3}
      propertyPath: m_LocalPosition.y
      value: 0
      objectReference: {fileID: 0}
    - target: {fileID: 5166799276776995688, guid: f3418a16f7d8b2a47a156369c638eecf,
        type: 3}
      propertyPath: m_LocalPosition.z
      value: 1.5
      objectReference: {fileID: 0}
    - target: {fileID: 5166799276776995688, guid: f3418a16f7d8b2a47a156369c638eecf,
        type: 3}
      propertyPath: m_LocalRotation.x
      value: -0.5
      objectReference: {fileID: 0}
    - target: {fileID: 5166799276776995688, guid: f3418a16f7d8b2a47a156369c638eecf,
        type: 3}
      propertyPath: m_LocalRotation.y
      value: -0.5
      objectReference: {fileID: 0}
    - target: {fileID: 5166799276776995688, guid: f3418a16f7d8b2a47a156369c638eecf,
        type: 3}
      propertyPath: m_LocalRotation.z
      value: -0.5
      objectReference: {fileID: 0}
    - target: {fileID: 5166799276776995688, guid: f3418a16f7d8b2a47a156369c638eecf,
        type: 3}
      propertyPath: m_LocalRotation.w
      value: 0.5
      objectReference: {fileID: 0}
    - target: {fileID: 5166799276776995688, guid: f3418a16f7d8b2a47a156369c638eecf,
        type: 3}
      propertyPath: m_RootOrder
      value: 2
      objectReference: {fileID: 0}
    - target: {fileID: 5166799276776995688, guid: f3418a16f7d8b2a47a156369c638eecf,
        type: 3}
      propertyPath: m_LocalEulerAnglesHint.x
      value: -90
      objectReference: {fileID: 0}
    - target: {fileID: 5166799276776995688, guid: f3418a16f7d8b2a47a156369c638eecf,
        type: 3}
      propertyPath: m_LocalEulerAnglesHint.y
      value: 0
      objectReference: {fileID: 0}
    - target: {fileID: 5166799276776995688, guid: f3418a16f7d8b2a47a156369c638eecf,
        type: 3}
      propertyPath: m_LocalEulerAnglesHint.z
      value: -90
      objectReference: {fileID: 0}
    - target: {fileID: 5548426209584079314, guid: f3418a16f7d8b2a47a156369c638eecf,
        type: 3}
      propertyPath: m_Name
      value: corner_wall (1)
      objectReference: {fileID: 0}
    - target: {fileID: 6681183642016951053, guid: f3418a16f7d8b2a47a156369c638eecf,
        type: 3}
      propertyPath: m_LocalPosition.x
      value: 0.5
      objectReference: {fileID: 0}
    - target: {fileID: 6681183642016951053, guid: f3418a16f7d8b2a47a156369c638eecf,
        type: 3}
      propertyPath: m_LocalPosition.y
      value: 0
      objectReference: {fileID: 0}
    - target: {fileID: 6681183642016951053, guid: f3418a16f7d8b2a47a156369c638eecf,
        type: 3}
      propertyPath: m_LocalPosition.z
      value: -1.5
      objectReference: {fileID: 0}
    m_RemovedComponents: []
  m_SourcePrefab: {fileID: 100100000, guid: f3418a16f7d8b2a47a156369c638eecf, type: 3}
--- !u!4 &5633433263136380754 stripped
Transform:
  m_CorrespondingSourceObject: {fileID: 6681183642016951053, guid: f3418a16f7d8b2a47a156369c638eecf,
    type: 3}
  m_PrefabInstance: {fileID: 1339166315164679263}
  m_PrefabAsset: {fileID: 0}
--- !u!1001 &3070105716856402304
PrefabInstance:
  m_ObjectHideFlags: 0
  serializedVersion: 2
  m_Modification:
    m_TransformParent: {fileID: 193562558221138998}
    m_Modifications:
    - target: {fileID: 2641235204623245620, guid: f3418a16f7d8b2a47a156369c638eecf,
        type: 3}
      propertyPath: m_Enabled
      value: 0
      objectReference: {fileID: 0}
    - target: {fileID: 5166799276776995688, guid: f3418a16f7d8b2a47a156369c638eecf,
        type: 3}
      propertyPath: m_LocalPosition.x
      value: -0.5
      objectReference: {fileID: 0}
    - target: {fileID: 5166799276776995688, guid: f3418a16f7d8b2a47a156369c638eecf,
        type: 3}
      propertyPath: m_LocalPosition.y
      value: 0
      objectReference: {fileID: 0}
    - target: {fileID: 5166799276776995688, guid: f3418a16f7d8b2a47a156369c638eecf,
        type: 3}
      propertyPath: m_LocalPosition.z
      value: 1.5
      objectReference: {fileID: 0}
    - target: {fileID: 5166799276776995688, guid: f3418a16f7d8b2a47a156369c638eecf,
        type: 3}
      propertyPath: m_LocalRotation.x
      value: 0
      objectReference: {fileID: 0}
    - target: {fileID: 5166799276776995688, guid: f3418a16f7d8b2a47a156369c638eecf,
        type: 3}
      propertyPath: m_LocalRotation.y
      value: 0.7071068
      objectReference: {fileID: 0}
    - target: {fileID: 5166799276776995688, guid: f3418a16f7d8b2a47a156369c638eecf,
        type: 3}
      propertyPath: m_LocalRotation.z
      value: 0.7071068
      objectReference: {fileID: 0}
    - target: {fileID: 5166799276776995688, guid: f3418a16f7d8b2a47a156369c638eecf,
        type: 3}
      propertyPath: m_LocalRotation.w
      value: 0
      objectReference: {fileID: 0}
    - target: {fileID: 5166799276776995688, guid: f3418a16f7d8b2a47a156369c638eecf,
        type: 3}
      propertyPath: m_RootOrder
      value: 4
      objectReference: {fileID: 0}
    - target: {fileID: 5166799276776995688, guid: f3418a16f7d8b2a47a156369c638eecf,
        type: 3}
      propertyPath: m_LocalEulerAnglesHint.x
      value: -90
      objectReference: {fileID: 0}
    - target: {fileID: 5166799276776995688, guid: f3418a16f7d8b2a47a156369c638eecf,
        type: 3}
      propertyPath: m_LocalEulerAnglesHint.y
      value: 0
      objectReference: {fileID: 0}
    - target: {fileID: 5166799276776995688, guid: f3418a16f7d8b2a47a156369c638eecf,
        type: 3}
      propertyPath: m_LocalEulerAnglesHint.z
      value: 180
      objectReference: {fileID: 0}
    - target: {fileID: 5548426209584079314, guid: f3418a16f7d8b2a47a156369c638eecf,
        type: 3}
      propertyPath: m_Name
      value: corner_wall (3)
      objectReference: {fileID: 0}
    - target: {fileID: 6681183642016951053, guid: f3418a16f7d8b2a47a156369c638eecf,
        type: 3}
      propertyPath: m_RootOrder
      value: 2
      objectReference: {fileID: 0}
    - target: {fileID: 6681183642016951053, guid: f3418a16f7d8b2a47a156369c638eecf,
        type: 3}
      propertyPath: m_LocalPosition.x
      value: 0.5
      objectReference: {fileID: 0}
    - target: {fileID: 6681183642016951053, guid: f3418a16f7d8b2a47a156369c638eecf,
        type: 3}
      propertyPath: m_LocalPosition.z
      value: 1.5
      objectReference: {fileID: 0}
    - target: {fileID: 6681183642016951053, guid: f3418a16f7d8b2a47a156369c638eecf,
        type: 3}
      propertyPath: m_LocalRotation.x
      value: -0.5
      objectReference: {fileID: 0}
    - target: {fileID: 6681183642016951053, guid: f3418a16f7d8b2a47a156369c638eecf,
        type: 3}
      propertyPath: m_LocalRotation.y
      value: -0.5
      objectReference: {fileID: 0}
    - target: {fileID: 6681183642016951053, guid: f3418a16f7d8b2a47a156369c638eecf,
        type: 3}
      propertyPath: m_LocalRotation.z
      value: -0.5
      objectReference: {fileID: 0}
    - target: {fileID: 6681183642016951053, guid: f3418a16f7d8b2a47a156369c638eecf,
        type: 3}
      propertyPath: m_LocalRotation.w
      value: 0.5
      objectReference: {fileID: 0}
    - target: {fileID: 6681183642016951053, guid: f3418a16f7d8b2a47a156369c638eecf,
        type: 3}
      propertyPath: m_LocalEulerAnglesHint.z
      value: -90
      objectReference: {fileID: 0}
    m_RemovedComponents: []
  m_SourcePrefab: {fileID: 100100000, guid: f3418a16f7d8b2a47a156369c638eecf, type: 3}
--- !u!4 &8512755462491150989 stripped
Transform:
  m_CorrespondingSourceObject: {fileID: 6681183642016951053, guid: f3418a16f7d8b2a47a156369c638eecf,
    type: 3}
  m_PrefabInstance: {fileID: 3070105716856402304}
  m_PrefabAsset: {fileID: 0}
--- !u!1001 &4678317040253503027
PrefabInstance:
  m_ObjectHideFlags: 0
  serializedVersion: 2
  m_Modification:
    m_TransformParent: {fileID: 193562558221138998}
    m_Modifications:
    - target: {fileID: 2641235204623245620, guid: f3418a16f7d8b2a47a156369c638eecf,
        type: 3}
      propertyPath: m_Enabled
      value: 0
      objectReference: {fileID: 0}
    - target: {fileID: 5166799276776995688, guid: f3418a16f7d8b2a47a156369c638eecf,
        type: 3}
      propertyPath: m_LocalPosition.x
      value: 0.5
      objectReference: {fileID: 0}
    - target: {fileID: 5166799276776995688, guid: f3418a16f7d8b2a47a156369c638eecf,
        type: 3}
      propertyPath: m_LocalPosition.y
      value: 0
      objectReference: {fileID: 0}
    - target: {fileID: 5166799276776995688, guid: f3418a16f7d8b2a47a156369c638eecf,
        type: 3}
      propertyPath: m_LocalPosition.z
      value: -1.5
      objectReference: {fileID: 0}
    - target: {fileID: 5166799276776995688, guid: f3418a16f7d8b2a47a156369c638eecf,
        type: 3}
      propertyPath: m_LocalRotation.x
      value: -0.7071068
      objectReference: {fileID: 0}
    - target: {fileID: 5166799276776995688, guid: f3418a16f7d8b2a47a156369c638eecf,
        type: 3}
      propertyPath: m_LocalRotation.y
      value: -0
      objectReference: {fileID: 0}
    - target: {fileID: 5166799276776995688, guid: f3418a16f7d8b2a47a156369c638eecf,
        type: 3}
      propertyPath: m_LocalRotation.z
      value: -0
      objectReference: {fileID: 0}
    - target: {fileID: 5166799276776995688, guid: f3418a16f7d8b2a47a156369c638eecf,
        type: 3}
      propertyPath: m_LocalRotation.w
      value: 0.7071068
      objectReference: {fileID: 0}
    - target: {fileID: 5166799276776995688, guid: f3418a16f7d8b2a47a156369c638eecf,
        type: 3}
      propertyPath: m_RootOrder
      value: 0
      objectReference: {fileID: 0}
    - target: {fileID: 5166799276776995688, guid: f3418a16f7d8b2a47a156369c638eecf,
        type: 3}
      propertyPath: m_LocalEulerAnglesHint.x
      value: 0
      objectReference: {fileID: 0}
    - target: {fileID: 5166799276776995688, guid: f3418a16f7d8b2a47a156369c638eecf,
        type: 3}
      propertyPath: m_LocalEulerAnglesHint.y
      value: 0
      objectReference: {fileID: 0}
    - target: {fileID: 5166799276776995688, guid: f3418a16f7d8b2a47a156369c638eecf,
        type: 3}
      propertyPath: m_LocalEulerAnglesHint.z
      value: 0
      objectReference: {fileID: 0}
    - target: {fileID: 5548426209584079314, guid: f3418a16f7d8b2a47a156369c638eecf,
        type: 3}
      propertyPath: m_Name
      value: corner_wall
      objectReference: {fileID: 0}
    - target: {fileID: 6681183642016951053, guid: f3418a16f7d8b2a47a156369c638eecf,
        type: 3}
      propertyPath: m_RootOrder
      value: 3
      objectReference: {fileID: 0}
    - target: {fileID: 6681183642016951053, guid: f3418a16f7d8b2a47a156369c638eecf,
        type: 3}
      propertyPath: m_LocalPosition.x
      value: -0.5
      objectReference: {fileID: 0}
    - target: {fileID: 6681183642016951053, guid: f3418a16f7d8b2a47a156369c638eecf,
        type: 3}
      propertyPath: m_LocalPosition.y
      value: 0
      objectReference: {fileID: 0}
    - target: {fileID: 6681183642016951053, guid: f3418a16f7d8b2a47a156369c638eecf,
        type: 3}
      propertyPath: m_LocalPosition.z
      value: -1.5
      objectReference: {fileID: 0}
    - target: {fileID: 6681183642016951053, guid: f3418a16f7d8b2a47a156369c638eecf,
        type: 3}
      propertyPath: m_LocalRotation.x
      value: -0.5
      objectReference: {fileID: 0}
    - target: {fileID: 6681183642016951053, guid: f3418a16f7d8b2a47a156369c638eecf,
        type: 3}
      propertyPath: m_LocalRotation.y
      value: 0.5
      objectReference: {fileID: 0}
    - target: {fileID: 6681183642016951053, guid: f3418a16f7d8b2a47a156369c638eecf,
        type: 3}
      propertyPath: m_LocalRotation.z
      value: 0.5
      objectReference: {fileID: 0}
    - target: {fileID: 6681183642016951053, guid: f3418a16f7d8b2a47a156369c638eecf,
        type: 3}
      propertyPath: m_LocalRotation.w
      value: 0.5
      objectReference: {fileID: 0}
    - target: {fileID: 6681183642016951053, guid: f3418a16f7d8b2a47a156369c638eecf,
        type: 3}
      propertyPath: m_LocalEulerAnglesHint.z
      value: 90
      objectReference: {fileID: 0}
    m_RemovedComponents: []
  m_SourcePrefab: {fileID: 100100000, guid: f3418a16f7d8b2a47a156369c638eecf, type: 3}
--- !u!4 &2041517734095072574 stripped
Transform:
  m_CorrespondingSourceObject: {fileID: 6681183642016951053, guid: f3418a16f7d8b2a47a156369c638eecf,
    type: 3}
  m_PrefabInstance: {fileID: 4678317040253503027}
  m_PrefabAsset: {fileID: 0}
--- !u!1001 &5962876436266137417
PrefabInstance:
  m_ObjectHideFlags: 0
  serializedVersion: 2
  m_Modification:
    m_TransformParent: {fileID: 193562558221138998}
    m_Modifications:
    - target: {fileID: 1421386343766627562, guid: 08768c6c5a80e884a8eb2437c327dfde,
        type: 3}
      propertyPath: m_Enabled
      value: 0
      objectReference: {fileID: 0}
    - target: {fileID: 4661692229395339069, guid: 08768c6c5a80e884a8eb2437c327dfde,
        type: 3}
      propertyPath: m_LocalPosition.x
      value: 0.5
      objectReference: {fileID: 0}
    - target: {fileID: 4661692229395339069, guid: 08768c6c5a80e884a8eb2437c327dfde,
        type: 3}
      propertyPath: m_RootOrder
      value: 1
      objectReference: {fileID: 0}
    - target: {fileID: 4661692229395339069, guid: 08768c6c5a80e884a8eb2437c327dfde,
        type: 3}
      propertyPath: m_LocalPosition.z
      value: -0.5
      objectReference: {fileID: 0}
    - target: {fileID: 4661692229395339069, guid: 08768c6c5a80e884a8eb2437c327dfde,
        type: 3}
      propertyPath: m_LocalRotation.x
      value: -0.5
      objectReference: {fileID: 0}
    - target: {fileID: 4661692229395339069, guid: 08768c6c5a80e884a8eb2437c327dfde,
        type: 3}
      propertyPath: m_LocalRotation.y
      value: -0.5
      objectReference: {fileID: 0}
    - target: {fileID: 4661692229395339069, guid: 08768c6c5a80e884a8eb2437c327dfde,
        type: 3}
      propertyPath: m_LocalRotation.z
      value: -0.5
      objectReference: {fileID: 0}
    - target: {fileID: 4661692229395339069, guid: 08768c6c5a80e884a8eb2437c327dfde,
        type: 3}
      propertyPath: m_LocalRotation.w
      value: 0.5
      objectReference: {fileID: 0}
    - target: {fileID: 4661692229395339069, guid: 08768c6c5a80e884a8eb2437c327dfde,
        type: 3}
      propertyPath: m_LocalEulerAnglesHint.z
      value: -90
      objectReference: {fileID: 0}
    - target: {fileID: 7055587032265012530, guid: 08768c6c5a80e884a8eb2437c327dfde,
        type: 3}
      propertyPath: m_Name
      value: side_wall_normal (2)
      objectReference: {fileID: 0}
    - target: {fileID: 7683611188297625480, guid: 08768c6c5a80e884a8eb2437c327dfde,
        type: 3}
      propertyPath: m_LocalPosition.x
      value: 0.5
      objectReference: {fileID: 0}
    - target: {fileID: 7683611188297625480, guid: 08768c6c5a80e884a8eb2437c327dfde,
        type: 3}
      propertyPath: m_LocalPosition.y
      value: 0
      objectReference: {fileID: 0}
    - target: {fileID: 7683611188297625480, guid: 08768c6c5a80e884a8eb2437c327dfde,
        type: 3}
      propertyPath: m_LocalPosition.z
      value: 0.5
      objectReference: {fileID: 0}
    - target: {fileID: 7683611188297625480, guid: 08768c6c5a80e884a8eb2437c327dfde,
        type: 3}
      propertyPath: m_LocalRotation.x
      value: -0.5
      objectReference: {fileID: 0}
    - target: {fileID: 7683611188297625480, guid: 08768c6c5a80e884a8eb2437c327dfde,
        type: 3}
      propertyPath: m_LocalRotation.y
      value: -0.5
      objectReference: {fileID: 0}
    - target: {fileID: 7683611188297625480, guid: 08768c6c5a80e884a8eb2437c327dfde,
        type: 3}
      propertyPath: m_LocalRotation.z
      value: -0.5
      objectReference: {fileID: 0}
    - target: {fileID: 7683611188297625480, guid: 08768c6c5a80e884a8eb2437c327dfde,
        type: 3}
      propertyPath: m_LocalRotation.w
      value: 0.5
      objectReference: {fileID: 0}
    - target: {fileID: 7683611188297625480, guid: 08768c6c5a80e884a8eb2437c327dfde,
        type: 3}
      propertyPath: m_RootOrder
      value: 6
      objectReference: {fileID: 0}
    - target: {fileID: 7683611188297625480, guid: 08768c6c5a80e884a8eb2437c327dfde,
        type: 3}
      propertyPath: m_LocalEulerAnglesHint.x
      value: -90.00001
      objectReference: {fileID: 0}
    - target: {fileID: 7683611188297625480, guid: 08768c6c5a80e884a8eb2437c327dfde,
        type: 3}
      propertyPath: m_LocalEulerAnglesHint.y
      value: 0
      objectReference: {fileID: 0}
    - target: {fileID: 7683611188297625480, guid: 08768c6c5a80e884a8eb2437c327dfde,
        type: 3}
      propertyPath: m_LocalEulerAnglesHint.z
      value: -90
      objectReference: {fileID: 0}
    m_RemovedComponents: []
  m_SourcePrefab: {fileID: 100100000, guid: 08768c6c5a80e884a8eb2437c327dfde, type: 3}
--- !u!4 &1329068648542658676 stripped
Transform:
  m_CorrespondingSourceObject: {fileID: 4661692229395339069, guid: 08768c6c5a80e884a8eb2437c327dfde,
    type: 3}
  m_PrefabInstance: {fileID: 5962876436266137417}
  m_PrefabAsset: {fileID: 0}
--- !u!1001 &6413802237670605882
PrefabInstance:
  m_ObjectHideFlags: 0
  serializedVersion: 2
  m_Modification:
    m_TransformParent: {fileID: 193562558221138998}
    m_Modifications:
    - target: {fileID: 2641235204623245620, guid: f3418a16f7d8b2a47a156369c638eecf,
        type: 3}
      propertyPath: m_Enabled
      value: 0
      objectReference: {fileID: 0}
    - target: {fileID: 5166799276776995688, guid: f3418a16f7d8b2a47a156369c638eecf,
        type: 3}
      propertyPath: m_LocalPosition.x
      value: -0.5
      objectReference: {fileID: 0}
    - target: {fileID: 5166799276776995688, guid: f3418a16f7d8b2a47a156369c638eecf,
        type: 3}
      propertyPath: m_LocalPosition.y
      value: 0
      objectReference: {fileID: 0}
    - target: {fileID: 5166799276776995688, guid: f3418a16f7d8b2a47a156369c638eecf,
        type: 3}
      propertyPath: m_LocalPosition.z
      value: -1.5
      objectReference: {fileID: 0}
    - target: {fileID: 5166799276776995688, guid: f3418a16f7d8b2a47a156369c638eecf,
        type: 3}
      propertyPath: m_LocalRotation.x
      value: -0.5
      objectReference: {fileID: 0}
    - target: {fileID: 5166799276776995688, guid: f3418a16f7d8b2a47a156369c638eecf,
        type: 3}
      propertyPath: m_LocalRotation.y
      value: 0.5
      objectReference: {fileID: 0}
    - target: {fileID: 5166799276776995688, guid: f3418a16f7d8b2a47a156369c638eecf,
        type: 3}
      propertyPath: m_LocalRotation.z
      value: 0.5
      objectReference: {fileID: 0}
    - target: {fileID: 5166799276776995688, guid: f3418a16f7d8b2a47a156369c638eecf,
        type: 3}
      propertyPath: m_LocalRotation.w
      value: 0.5
      objectReference: {fileID: 0}
    - target: {fileID: 5166799276776995688, guid: f3418a16f7d8b2a47a156369c638eecf,
        type: 3}
      propertyPath: m_RootOrder
      value: 3
      objectReference: {fileID: 0}
    - target: {fileID: 5166799276776995688, guid: f3418a16f7d8b2a47a156369c638eecf,
        type: 3}
      propertyPath: m_LocalEulerAnglesHint.x
      value: -90
      objectReference: {fileID: 0}
    - target: {fileID: 5166799276776995688, guid: f3418a16f7d8b2a47a156369c638eecf,
        type: 3}
      propertyPath: m_LocalEulerAnglesHint.y
      value: 0
      objectReference: {fileID: 0}
    - target: {fileID: 5166799276776995688, guid: f3418a16f7d8b2a47a156369c638eecf,
        type: 3}
      propertyPath: m_LocalEulerAnglesHint.z
      value: 90
      objectReference: {fileID: 0}
    - target: {fileID: 5548426209584079314, guid: f3418a16f7d8b2a47a156369c638eecf,
        type: 3}
      propertyPath: m_Name
      value: corner_wall (2)
      objectReference: {fileID: 0}
    - target: {fileID: 6681183642016951053, guid: f3418a16f7d8b2a47a156369c638eecf,
        type: 3}
      propertyPath: m_RootOrder
      value: 4
      objectReference: {fileID: 0}
    - target: {fileID: 6681183642016951053, guid: f3418a16f7d8b2a47a156369c638eecf,
        type: 3}
      propertyPath: m_LocalPosition.x
      value: -0.5
      objectReference: {fileID: 0}
    - target: {fileID: 6681183642016951053, guid: f3418a16f7d8b2a47a156369c638eecf,
        type: 3}
      propertyPath: m_LocalPosition.z
      value: 1.5
      objectReference: {fileID: 0}
    - target: {fileID: 6681183642016951053, guid: f3418a16f7d8b2a47a156369c638eecf,
        type: 3}
      propertyPath: m_LocalRotation.x
      value: 0
      objectReference: {fileID: 0}
    - target: {fileID: 6681183642016951053, guid: f3418a16f7d8b2a47a156369c638eecf,
        type: 3}
      propertyPath: m_LocalRotation.y
      value: 0.7071068
      objectReference: {fileID: 0}
    - target: {fileID: 6681183642016951053, guid: f3418a16f7d8b2a47a156369c638eecf,
        type: 3}
      propertyPath: m_LocalRotation.z
      value: 0.7071068
      objectReference: {fileID: 0}
    - target: {fileID: 6681183642016951053, guid: f3418a16f7d8b2a47a156369c638eecf,
        type: 3}
      propertyPath: m_LocalRotation.w
      value: 0
      objectReference: {fileID: 0}
    - target: {fileID: 6681183642016951053, guid: f3418a16f7d8b2a47a156369c638eecf,
        type: 3}
      propertyPath: m_LocalEulerAnglesHint.z
      value: 180
      objectReference: {fileID: 0}
    m_RemovedComponents: []
  m_SourcePrefab: {fileID: 100100000, guid: f3418a16f7d8b2a47a156369c638eecf, type: 3}
--- !u!4 &412697536225374007 stripped
Transform:
  m_CorrespondingSourceObject: {fileID: 6681183642016951053, guid: f3418a16f7d8b2a47a156369c638eecf,
    type: 3}
  m_PrefabInstance: {fileID: 6413802237670605882}
  m_PrefabAsset: {fileID: 0}
--- !u!1001 &6595143718546857706
PrefabInstance:
  m_ObjectHideFlags: 0
  serializedVersion: 2
  m_Modification:
    m_TransformParent: {fileID: 193562558221138998}
    m_Modifications:
    - target: {fileID: 1421386343766627562, guid: 08768c6c5a80e884a8eb2437c327dfde,
        type: 3}
      propertyPath: m_Enabled
      value: 0
      objectReference: {fileID: 0}
    - target: {fileID: 4661692229395339069, guid: 08768c6c5a80e884a8eb2437c327dfde,
        type: 3}
      propertyPath: m_LocalPosition.x
      value: -0.5
      objectReference: {fileID: 0}
    - target: {fileID: 4661692229395339069, guid: 08768c6c5a80e884a8eb2437c327dfde,
        type: 3}
      propertyPath: m_LocalPosition.z
      value: 0.5
      objectReference: {fileID: 0}
    - target: {fileID: 4661692229395339069, guid: 08768c6c5a80e884a8eb2437c327dfde,
        type: 3}
      propertyPath: m_RootOrder
      value: 5
      objectReference: {fileID: 0}
    - target: {fileID: 4661692229395339069, guid: 08768c6c5a80e884a8eb2437c327dfde,
        type: 3}
      propertyPath: m_LocalRotation.x
      value: -0.5
      objectReference: {fileID: 0}
    - target: {fileID: 4661692229395339069, guid: 08768c6c5a80e884a8eb2437c327dfde,
        type: 3}
      propertyPath: m_LocalRotation.y
      value: 0.5
      objectReference: {fileID: 0}
    - target: {fileID: 4661692229395339069, guid: 08768c6c5a80e884a8eb2437c327dfde,
        type: 3}
      propertyPath: m_LocalRotation.z
      value: 0.5
      objectReference: {fileID: 0}
    - target: {fileID: 4661692229395339069, guid: 08768c6c5a80e884a8eb2437c327dfde,
        type: 3}
      propertyPath: m_LocalRotation.w
      value: 0.5
      objectReference: {fileID: 0}
    - target: {fileID: 4661692229395339069, guid: 08768c6c5a80e884a8eb2437c327dfde,
        type: 3}
      propertyPath: m_LocalEulerAnglesHint.x
      value: -90.00001
      objectReference: {fileID: 0}
    - target: {fileID: 4661692229395339069, guid: 08768c6c5a80e884a8eb2437c327dfde,
        type: 3}
      propertyPath: m_LocalEulerAnglesHint.z
      value: 90
      objectReference: {fileID: 0}
    - target: {fileID: 7055587032265012530, guid: 08768c6c5a80e884a8eb2437c327dfde,
        type: 3}
      propertyPath: m_Name
      value: side_wall_normal
      objectReference: {fileID: 0}
    - target: {fileID: 7683611188297625480, guid: 08768c6c5a80e884a8eb2437c327dfde,
        type: 3}
      propertyPath: m_LocalPosition.x
      value: -0.5
      objectReference: {fileID: 0}
    - target: {fileID: 7683611188297625480, guid: 08768c6c5a80e884a8eb2437c327dfde,
        type: 3}
      propertyPath: m_LocalPosition.y
      value: 0
      objectReference: {fileID: 0}
    - target: {fileID: 7683611188297625480, guid: 08768c6c5a80e884a8eb2437c327dfde,
        type: 3}
      propertyPath: m_LocalPosition.z
      value: -0.5
      objectReference: {fileID: 0}
    - target: {fileID: 7683611188297625480, guid: 08768c6c5a80e884a8eb2437c327dfde,
        type: 3}
      propertyPath: m_LocalRotation.x
      value: -0.5
      objectReference: {fileID: 0}
    - target: {fileID: 7683611188297625480, guid: 08768c6c5a80e884a8eb2437c327dfde,
        type: 3}
      propertyPath: m_LocalRotation.y
      value: 0.5
      objectReference: {fileID: 0}
    - target: {fileID: 7683611188297625480, guid: 08768c6c5a80e884a8eb2437c327dfde,
        type: 3}
      propertyPath: m_LocalRotation.z
      value: 0.5
      objectReference: {fileID: 0}
    - target: {fileID: 7683611188297625480, guid: 08768c6c5a80e884a8eb2437c327dfde,
        type: 3}
      propertyPath: m_LocalRotation.w
      value: 0.5
      objectReference: {fileID: 0}
    - target: {fileID: 7683611188297625480, guid: 08768c6c5a80e884a8eb2437c327dfde,
        type: 3}
      propertyPath: m_RootOrder
      value: 1
      objectReference: {fileID: 0}
    - target: {fileID: 7683611188297625480, guid: 08768c6c5a80e884a8eb2437c327dfde,
        type: 3}
      propertyPath: m_LocalEulerAnglesHint.x
      value: -90.00001
      objectReference: {fileID: 0}
    - target: {fileID: 7683611188297625480, guid: 08768c6c5a80e884a8eb2437c327dfde,
        type: 3}
      propertyPath: m_LocalEulerAnglesHint.y
      value: 0
      objectReference: {fileID: 0}
    - target: {fileID: 7683611188297625480, guid: 08768c6c5a80e884a8eb2437c327dfde,
        type: 3}
      propertyPath: m_LocalEulerAnglesHint.z
      value: 90
      objectReference: {fileID: 0}
    m_RemovedComponents: []
  m_SourcePrefab: {fileID: 100100000, guid: 08768c6c5a80e884a8eb2437c327dfde, type: 3}
--- !u!4 &1961036328970521047 stripped
Transform:
  m_CorrespondingSourceObject: {fileID: 4661692229395339069, guid: 08768c6c5a80e884a8eb2437c327dfde,
    type: 3}
  m_PrefabInstance: {fileID: 6595143718546857706}
  m_PrefabAsset: {fileID: 0}
--- !u!1001 &7089651165920132641
PrefabInstance:
  m_ObjectHideFlags: 0
  serializedVersion: 2
  m_Modification:
    m_TransformParent: {fileID: 193562558221138998}
    m_Modifications:
    - target: {fileID: 1421386343766627562, guid: 08768c6c5a80e884a8eb2437c327dfde,
        type: 3}
      propertyPath: m_Enabled
      value: 0
      objectReference: {fileID: 0}
    - target: {fileID: 4661692229395339069, guid: 08768c6c5a80e884a8eb2437c327dfde,
        type: 3}
      propertyPath: m_LocalPosition.x
      value: -0.5
      objectReference: {fileID: 0}
    - target: {fileID: 4661692229395339069, guid: 08768c6c5a80e884a8eb2437c327dfde,
        type: 3}
      propertyPath: m_LocalPosition.z
      value: -0.5
      objectReference: {fileID: 0}
    - target: {fileID: 4661692229395339069, guid: 08768c6c5a80e884a8eb2437c327dfde,
        type: 3}
      propertyPath: m_RootOrder
      value: 6
      objectReference: {fileID: 0}
    - target: {fileID: 4661692229395339069, guid: 08768c6c5a80e884a8eb2437c327dfde,
        type: 3}
      propertyPath: m_LocalRotation.x
      value: -0.5
      objectReference: {fileID: 0}
    - target: {fileID: 4661692229395339069, guid: 08768c6c5a80e884a8eb2437c327dfde,
        type: 3}
      propertyPath: m_LocalRotation.y
      value: 0.5
      objectReference: {fileID: 0}
    - target: {fileID: 4661692229395339069, guid: 08768c6c5a80e884a8eb2437c327dfde,
        type: 3}
      propertyPath: m_LocalRotation.z
      value: 0.5
      objectReference: {fileID: 0}
    - target: {fileID: 4661692229395339069, guid: 08768c6c5a80e884a8eb2437c327dfde,
        type: 3}
      propertyPath: m_LocalRotation.w
      value: 0.5
      objectReference: {fileID: 0}
    - target: {fileID: 4661692229395339069, guid: 08768c6c5a80e884a8eb2437c327dfde,
        type: 3}
      propertyPath: m_LocalEulerAnglesHint.x
      value: -90.00001
      objectReference: {fileID: 0}
    - target: {fileID: 4661692229395339069, guid: 08768c6c5a80e884a8eb2437c327dfde,
        type: 3}
      propertyPath: m_LocalEulerAnglesHint.z
      value: 90
      objectReference: {fileID: 0}
    - target: {fileID: 7055587032265012530, guid: 08768c6c5a80e884a8eb2437c327dfde,
        type: 3}
      propertyPath: m_Name
      value: side_wall_normal (3)
      objectReference: {fileID: 0}
    - target: {fileID: 7683611188297625480, guid: 08768c6c5a80e884a8eb2437c327dfde,
        type: 3}
      propertyPath: m_LocalPosition.x
      value: 0.5
      objectReference: {fileID: 0}
    - target: {fileID: 7683611188297625480, guid: 08768c6c5a80e884a8eb2437c327dfde,
        type: 3}
      propertyPath: m_LocalPosition.y
      value: 0
      objectReference: {fileID: 0}
    - target: {fileID: 7683611188297625480, guid: 08768c6c5a80e884a8eb2437c327dfde,
        type: 3}
      propertyPath: m_LocalPosition.z
      value: -0.5
      objectReference: {fileID: 0}
    - target: {fileID: 7683611188297625480, guid: 08768c6c5a80e884a8eb2437c327dfde,
        type: 3}
      propertyPath: m_LocalRotation.x
      value: -0.5
      objectReference: {fileID: 0}
    - target: {fileID: 7683611188297625480, guid: 08768c6c5a80e884a8eb2437c327dfde,
        type: 3}
      propertyPath: m_LocalRotation.y
      value: -0.5
      objectReference: {fileID: 0}
    - target: {fileID: 7683611188297625480, guid: 08768c6c5a80e884a8eb2437c327dfde,
        type: 3}
      propertyPath: m_LocalRotation.z
      value: -0.5
      objectReference: {fileID: 0}
    - target: {fileID: 7683611188297625480, guid: 08768c6c5a80e884a8eb2437c327dfde,
        type: 3}
      propertyPath: m_LocalRotation.w
      value: 0.5
      objectReference: {fileID: 0}
    - target: {fileID: 7683611188297625480, guid: 08768c6c5a80e884a8eb2437c327dfde,
        type: 3}
      propertyPath: m_RootOrder
      value: 7
      objectReference: {fileID: 0}
    - target: {fileID: 7683611188297625480, guid: 08768c6c5a80e884a8eb2437c327dfde,
        type: 3}
      propertyPath: m_LocalEulerAnglesHint.x
      value: -90.00001
      objectReference: {fileID: 0}
    - target: {fileID: 7683611188297625480, guid: 08768c6c5a80e884a8eb2437c327dfde,
        type: 3}
      propertyPath: m_LocalEulerAnglesHint.y
      value: 0
      objectReference: {fileID: 0}
    - target: {fileID: 7683611188297625480, guid: 08768c6c5a80e884a8eb2437c327dfde,
        type: 3}
      propertyPath: m_LocalEulerAnglesHint.z
      value: -90
      objectReference: {fileID: 0}
    m_RemovedComponents: []
  m_SourcePrefab: {fileID: 100100000, guid: 08768c6c5a80e884a8eb2437c327dfde, type: 3}
--- !u!4 &2509112259873384732 stripped
Transform:
  m_CorrespondingSourceObject: {fileID: 4661692229395339069, guid: 08768c6c5a80e884a8eb2437c327dfde,
    type: 3}
  m_PrefabInstance: {fileID: 7089651165920132641}
  m_PrefabAsset: {fileID: 0}
--- !u!1001 &7384096715625410183
PrefabInstance:
  m_ObjectHideFlags: 0
  serializedVersion: 2
  m_Modification:
    m_TransformParent: {fileID: 193562558221138998}
    m_Modifications:
    - target: {fileID: 1421386343766627562, guid: 08768c6c5a80e884a8eb2437c327dfde,
        type: 3}
      propertyPath: m_Enabled
      value: 0
      objectReference: {fileID: 0}
    - target: {fileID: 4661692229395339069, guid: 08768c6c5a80e884a8eb2437c327dfde,
        type: 3}
      propertyPath: m_LocalPosition.x
      value: 0.5
      objectReference: {fileID: 0}
    - target: {fileID: 4661692229395339069, guid: 08768c6c5a80e884a8eb2437c327dfde,
        type: 3}
      propertyPath: m_LocalPosition.z
      value: 0.5
      objectReference: {fileID: 0}
    - target: {fileID: 4661692229395339069, guid: 08768c6c5a80e884a8eb2437c327dfde,
        type: 3}
      propertyPath: m_RootOrder
      value: 7
      objectReference: {fileID: 0}
    - target: {fileID: 4661692229395339069, guid: 08768c6c5a80e884a8eb2437c327dfde,
        type: 3}
      propertyPath: m_LocalRotation.x
      value: -0.5
      objectReference: {fileID: 0}
    - target: {fileID: 4661692229395339069, guid: 08768c6c5a80e884a8eb2437c327dfde,
        type: 3}
      propertyPath: m_LocalRotation.y
      value: -0.5
      objectReference: {fileID: 0}
    - target: {fileID: 4661692229395339069, guid: 08768c6c5a80e884a8eb2437c327dfde,
        type: 3}
      propertyPath: m_LocalRotation.z
      value: -0.5
      objectReference: {fileID: 0}
    - target: {fileID: 4661692229395339069, guid: 08768c6c5a80e884a8eb2437c327dfde,
        type: 3}
      propertyPath: m_LocalRotation.w
      value: 0.5
      objectReference: {fileID: 0}
    - target: {fileID: 4661692229395339069, guid: 08768c6c5a80e884a8eb2437c327dfde,
        type: 3}
      propertyPath: m_LocalEulerAnglesHint.z
      value: -90
      objectReference: {fileID: 0}
    - target: {fileID: 7055587032265012530, guid: 08768c6c5a80e884a8eb2437c327dfde,
        type: 3}
      propertyPath: m_Name
      value: side_wall_normal (1)
      objectReference: {fileID: 0}
    - target: {fileID: 7683611188297625480, guid: 08768c6c5a80e884a8eb2437c327dfde,
        type: 3}
      propertyPath: m_LocalPosition.x
      value: -0.5
      objectReference: {fileID: 0}
    - target: {fileID: 7683611188297625480, guid: 08768c6c5a80e884a8eb2437c327dfde,
        type: 3}
      propertyPath: m_LocalPosition.y
      value: 0
      objectReference: {fileID: 0}
    - target: {fileID: 7683611188297625480, guid: 08768c6c5a80e884a8eb2437c327dfde,
        type: 3}
      propertyPath: m_LocalPosition.z
      value: 0.5
      objectReference: {fileID: 0}
    - target: {fileID: 7683611188297625480, guid: 08768c6c5a80e884a8eb2437c327dfde,
        type: 3}
      propertyPath: m_LocalRotation.x
      value: -0.5
      objectReference: {fileID: 0}
    - target: {fileID: 7683611188297625480, guid: 08768c6c5a80e884a8eb2437c327dfde,
        type: 3}
      propertyPath: m_LocalRotation.y
      value: 0.5
      objectReference: {fileID: 0}
    - target: {fileID: 7683611188297625480, guid: 08768c6c5a80e884a8eb2437c327dfde,
        type: 3}
      propertyPath: m_LocalRotation.z
      value: 0.5
      objectReference: {fileID: 0}
    - target: {fileID: 7683611188297625480, guid: 08768c6c5a80e884a8eb2437c327dfde,
        type: 3}
      propertyPath: m_LocalRotation.w
      value: 0.5
      objectReference: {fileID: 0}
    - target: {fileID: 7683611188297625480, guid: 08768c6c5a80e884a8eb2437c327dfde,
        type: 3}
      propertyPath: m_RootOrder
      value: 5
      objectReference: {fileID: 0}
    - target: {fileID: 7683611188297625480, guid: 08768c6c5a80e884a8eb2437c327dfde,
        type: 3}
      propertyPath: m_LocalEulerAnglesHint.x
      value: -90.00001
      objectReference: {fileID: 0}
    - target: {fileID: 7683611188297625480, guid: 08768c6c5a80e884a8eb2437c327dfde,
        type: 3}
      propertyPath: m_LocalEulerAnglesHint.y
      value: 0
      objectReference: {fileID: 0}
    - target: {fileID: 7683611188297625480, guid: 08768c6c5a80e884a8eb2437c327dfde,
        type: 3}
      propertyPath: m_LocalEulerAnglesHint.z
      value: 90
      objectReference: {fileID: 0}
    m_RemovedComponents: []
  m_SourcePrefab: {fileID: 100100000, guid: 08768c6c5a80e884a8eb2437c327dfde, type: 3}
--- !u!4 &2794550318224243130 stripped
Transform:
  m_CorrespondingSourceObject: {fileID: 4661692229395339069, guid: 08768c6c5a80e884a8eb2437c327dfde,
    type: 3}
  m_PrefabInstance: {fileID: 7384096715625410183}
  m_PrefabAsset: {fileID: 0}
