%YAML 1.1
%TAG !u! tag:unity3d.com,2011:
--- !u!1 &511551165825206443
GameObject:
  m_ObjectHideFlags: 0
  m_CorrespondingSourceObject: {fileID: 0}
  m_PrefabInstance: {fileID: 0}
  m_PrefabAsset: {fileID: 0}
  serializedVersion: 6
  m_Component:
  - component: {fileID: 4262173351408986443}
  - component: {fileID: 2542515634110750962}
  m_Layer: 0
  m_Name: R_wall_1x8
  m_TagString: Untagged
  m_Icon: {fileID: 0}
  m_NavMeshLayer: 0
  m_StaticEditorFlags: 0
  m_IsActive: 1
--- !u!4 &4262173351408986443
Transform:
  m_ObjectHideFlags: 0
  m_CorrespondingSourceObject: {fileID: 0}
  m_PrefabInstance: {fileID: 0}
  m_PrefabAsset: {fileID: 0}
  m_GameObject: {fileID: 511551165825206443}
  m_LocalRotation: {x: 0, y: 0, z: 0, w: 1}
  m_LocalPosition: {x: 0, y: 0, z: 0}
  m_LocalScale: {x: 1, y: 1, z: 1}
  m_Children:
  - {fileID: 629175964058292349}
  - {fileID: 2853623151006480455}
  - {fileID: 5445254258463310397}
  - {fileID: 8672483163229046849}
  - {fileID: 5498792388248061111}
  - {fileID: 7531089239813793923}
  - {fileID: 5271898490776734669}
  - {fileID: 3255605150068400775}
  m_Father: {fileID: 0}
  m_RootOrder: 0
  m_LocalEulerAnglesHint: {x: 0, y: 0, z: 0}
--- !u!65 &2542515634110750962
BoxCollider:
  m_ObjectHideFlags: 0
  m_CorrespondingSourceObject: {fileID: 0}
  m_PrefabInstance: {fileID: 0}
  m_PrefabAsset: {fileID: 0}
  m_GameObject: {fileID: 511551165825206443}
  m_Material: {fileID: 0}
  m_IsTrigger: 0
  m_Enabled: 1
  serializedVersion: 2
  m_Size: {x: 1, y: 0.1395278, z: 8}
  m_Center: {x: 0, y: 0.07822442, z: -0.009778261}
--- !u!1001 &116532150916037031
PrefabInstance:
  m_ObjectHideFlags: 0
  serializedVersion: 2
  m_Modification:
    m_TransformParent: {fileID: 4262173351408986443}
    m_Modifications:
    - target: {fileID: -6836220009338333298, guid: fda0bd79016772f4b91f3ac319307d1f,
        type: 3}
      propertyPath: m_Enabled
      value: 0
      objectReference: {fileID: 0}
    - target: {fileID: 8254826055859284828, guid: fda0bd79016772f4b91f3ac319307d1f,
        type: 3}
      propertyPath: m_Name
      value: central_wall_normal
      objectReference: {fileID: 0}
    - target: {fileID: 8774375620144656870, guid: fda0bd79016772f4b91f3ac319307d1f,
        type: 3}
      propertyPath: m_LocalPosition.x
      value: 0
      objectReference: {fileID: 0}
    - target: {fileID: 8774375620144656870, guid: fda0bd79016772f4b91f3ac319307d1f,
        type: 3}
      propertyPath: m_LocalPosition.y
      value: 0
      objectReference: {fileID: 0}
    - target: {fileID: 8774375620144656870, guid: fda0bd79016772f4b91f3ac319307d1f,
        type: 3}
      propertyPath: m_LocalPosition.z
      value: -1.5
      objectReference: {fileID: 0}
    - target: {fileID: 8774375620144656870, guid: fda0bd79016772f4b91f3ac319307d1f,
        type: 3}
      propertyPath: m_LocalRotation.x
      value: -0.7071068
      objectReference: {fileID: 0}
    - target: {fileID: 8774375620144656870, guid: fda0bd79016772f4b91f3ac319307d1f,
        type: 3}
      propertyPath: m_LocalRotation.y
      value: 0
      objectReference: {fileID: 0}
    - target: {fileID: 8774375620144656870, guid: fda0bd79016772f4b91f3ac319307d1f,
        type: 3}
      propertyPath: m_LocalRotation.z
      value: 0
      objectReference: {fileID: 0}
    - target: {fileID: 8774375620144656870, guid: fda0bd79016772f4b91f3ac319307d1f,
        type: 3}
      propertyPath: m_LocalRotation.w
      value: 0.7071068
      objectReference: {fileID: 0}
    - target: {fileID: 8774375620144656870, guid: fda0bd79016772f4b91f3ac319307d1f,
        type: 3}
      propertyPath: m_RootOrder
      value: 3
      objectReference: {fileID: 0}
    - target: {fileID: 8774375620144656870, guid: fda0bd79016772f4b91f3ac319307d1f,
        type: 3}
      propertyPath: m_LocalEulerAnglesHint.x
      value: -90.00001
      objectReference: {fileID: 0}
    - target: {fileID: 8774375620144656870, guid: fda0bd79016772f4b91f3ac319307d1f,
        type: 3}
      propertyPath: m_LocalEulerAnglesHint.y
      value: 0
      objectReference: {fileID: 0}
    - target: {fileID: 8774375620144656870, guid: fda0bd79016772f4b91f3ac319307d1f,
        type: 3}
      propertyPath: m_LocalEulerAnglesHint.z
      value: 0
      objectReference: {fileID: 0}
    m_RemovedComponents: []
  m_SourcePrefab: {fileID: 100100000, guid: fda0bd79016772f4b91f3ac319307d1f, type: 3}
--- !u!4 &8672483163229046849 stripped
Transform:
  m_CorrespondingSourceObject: {fileID: 8774375620144656870, guid: fda0bd79016772f4b91f3ac319307d1f,
    type: 3}
  m_PrefabInstance: {fileID: 116532150916037031}
  m_PrefabAsset: {fileID: 0}
--- !u!1001 &1244987875189053797
PrefabInstance:
  m_ObjectHideFlags: 0
  serializedVersion: 2
  m_Modification:
    m_TransformParent: {fileID: 4262173351408986443}
    m_Modifications:
    - target: {fileID: -6836220009338333298, guid: fda0bd79016772f4b91f3ac319307d1f,
        type: 3}
      propertyPath: m_Enabled
      value: 0
      objectReference: {fileID: 0}
    - target: {fileID: 8254826055859284828, guid: fda0bd79016772f4b91f3ac319307d1f,
        type: 3}
      propertyPath: m_Name
      value: central_wall_normal (2)
      objectReference: {fileID: 0}
    - target: {fileID: 8774375620144656870, guid: fda0bd79016772f4b91f3ac319307d1f,
        type: 3}
      propertyPath: m_LocalPosition.x
      value: 0
      objectReference: {fileID: 0}
    - target: {fileID: 8774375620144656870, guid: fda0bd79016772f4b91f3ac319307d1f,
        type: 3}
      propertyPath: m_LocalPosition.y
      value: 0
      objectReference: {fileID: 0}
    - target: {fileID: 8774375620144656870, guid: fda0bd79016772f4b91f3ac319307d1f,
        type: 3}
      propertyPath: m_LocalPosition.z
      value: -3.5
      objectReference: {fileID: 0}
    - target: {fileID: 8774375620144656870, guid: fda0bd79016772f4b91f3ac319307d1f,
        type: 3}
      propertyPath: m_LocalRotation.x
      value: -0.7071068
      objectReference: {fileID: 0}
    - target: {fileID: 8774375620144656870, guid: fda0bd79016772f4b91f3ac319307d1f,
        type: 3}
      propertyPath: m_LocalRotation.y
      value: 0
      objectReference: {fileID: 0}
    - target: {fileID: 8774375620144656870, guid: fda0bd79016772f4b91f3ac319307d1f,
        type: 3}
      propertyPath: m_LocalRotation.z
      value: 0
      objectReference: {fileID: 0}
    - target: {fileID: 8774375620144656870, guid: fda0bd79016772f4b91f3ac319307d1f,
        type: 3}
      propertyPath: m_LocalRotation.w
      value: 0.7071068
      objectReference: {fileID: 0}
    - target: {fileID: 8774375620144656870, guid: fda0bd79016772f4b91f3ac319307d1f,
        type: 3}
      propertyPath: m_RootOrder
      value: 5
      objectReference: {fileID: 0}
    - target: {fileID: 8774375620144656870, guid: fda0bd79016772f4b91f3ac319307d1f,
        type: 3}
      propertyPath: m_LocalEulerAnglesHint.x
      value: -90.00001
      objectReference: {fileID: 0}
    - target: {fileID: 8774375620144656870, guid: fda0bd79016772f4b91f3ac319307d1f,
        type: 3}
      propertyPath: m_LocalEulerAnglesHint.y
      value: 0
      objectReference: {fileID: 0}
    - target: {fileID: 8774375620144656870, guid: fda0bd79016772f4b91f3ac319307d1f,
        type: 3}
      propertyPath: m_LocalEulerAnglesHint.z
      value: 0
      objectReference: {fileID: 0}
    m_RemovedComponents: []
  m_SourcePrefab: {fileID: 100100000, guid: fda0bd79016772f4b91f3ac319307d1f, type: 3}
--- !u!4 &7531089239813793923 stripped
Transform:
  m_CorrespondingSourceObject: {fileID: 8774375620144656870, guid: fda0bd79016772f4b91f3ac319307d1f,
    type: 3}
  m_PrefabInstance: {fileID: 1244987875189053797}
  m_PrefabAsset: {fileID: 0}
--- !u!1001 &3525566019999087147
PrefabInstance:
  m_ObjectHideFlags: 0
  serializedVersion: 2
  m_Modification:
    m_TransformParent: {fileID: 4262173351408986443}
    m_Modifications:
    - target: {fileID: -6836220009338333298, guid: fda0bd79016772f4b91f3ac319307d1f,
        type: 3}
      propertyPath: m_Enabled
      value: 0
      objectReference: {fileID: 0}
    - target: {fileID: 8254826055859284828, guid: fda0bd79016772f4b91f3ac319307d1f,
        type: 3}
      propertyPath: m_Name
      value: central_wall_normal (3)
      objectReference: {fileID: 0}
    - target: {fileID: 8774375620144656870, guid: fda0bd79016772f4b91f3ac319307d1f,
        type: 3}
      propertyPath: m_LocalPosition.x
      value: 0
      objectReference: {fileID: 0}
    - target: {fileID: 8774375620144656870, guid: fda0bd79016772f4b91f3ac319307d1f,
        type: 3}
      propertyPath: m_LocalPosition.y
      value: 0
      objectReference: {fileID: 0}
    - target: {fileID: 8774375620144656870, guid: fda0bd79016772f4b91f3ac319307d1f,
        type: 3}
      propertyPath: m_LocalPosition.z
      value: 2.5
      objectReference: {fileID: 0}
    - target: {fileID: 8774375620144656870, guid: fda0bd79016772f4b91f3ac319307d1f,
        type: 3}
      propertyPath: m_LocalRotation.x
      value: -0.7071068
      objectReference: {fileID: 0}
    - target: {fileID: 8774375620144656870, guid: fda0bd79016772f4b91f3ac319307d1f,
        type: 3}
      propertyPath: m_LocalRotation.y
      value: 0
      objectReference: {fileID: 0}
    - target: {fileID: 8774375620144656870, guid: fda0bd79016772f4b91f3ac319307d1f,
        type: 3}
      propertyPath: m_LocalRotation.z
      value: 0
      objectReference: {fileID: 0}
    - target: {fileID: 8774375620144656870, guid: fda0bd79016772f4b91f3ac319307d1f,
        type: 3}
      propertyPath: m_LocalRotation.w
      value: 0.7071068
      objectReference: {fileID: 0}
    - target: {fileID: 8774375620144656870, guid: fda0bd79016772f4b91f3ac319307d1f,
        type: 3}
      propertyPath: m_RootOrder
      value: 6
      objectReference: {fileID: 0}
    - target: {fileID: 8774375620144656870, guid: fda0bd79016772f4b91f3ac319307d1f,
        type: 3}
      propertyPath: m_LocalEulerAnglesHint.x
      value: -90.00001
      objectReference: {fileID: 0}
    - target: {fileID: 8774375620144656870, guid: fda0bd79016772f4b91f3ac319307d1f,
        type: 3}
      propertyPath: m_LocalEulerAnglesHint.y
      value: 0
      objectReference: {fileID: 0}
    - target: {fileID: 8774375620144656870, guid: fda0bd79016772f4b91f3ac319307d1f,
        type: 3}
      propertyPath: m_LocalEulerAnglesHint.z
      value: 0
      objectReference: {fileID: 0}
    m_RemovedComponents: []
  m_SourcePrefab: {fileID: 100100000, guid: fda0bd79016772f4b91f3ac319307d1f, type: 3}
--- !u!4 &5271898490776734669 stripped
Transform:
  m_CorrespondingSourceObject: {fileID: 8774375620144656870, guid: fda0bd79016772f4b91f3ac319307d1f,
    type: 3}
  m_PrefabInstance: {fileID: 3525566019999087147}
  m_PrefabAsset: {fileID: 0}
--- !u!1001 &3627004939474203611
PrefabInstance:
  m_ObjectHideFlags: 0
  serializedVersion: 2
  m_Modification:
    m_TransformParent: {fileID: 4262173351408986443}
    m_Modifications:
    - target: {fileID: -6836220009338333298, guid: fda0bd79016772f4b91f3ac319307d1f,
        type: 3}
      propertyPath: m_Enabled
      value: 0
      objectReference: {fileID: 0}
    - target: {fileID: 8254826055859284828, guid: fda0bd79016772f4b91f3ac319307d1f,
        type: 3}
      propertyPath: m_Name
      value: central_wall_normal
      objectReference: {fileID: 0}
    - target: {fileID: 8774375620144656870, guid: fda0bd79016772f4b91f3ac319307d1f,
        type: 3}
      propertyPath: m_LocalPosition.x
      value: 0
      objectReference: {fileID: 0}
    - target: {fileID: 8774375620144656870, guid: fda0bd79016772f4b91f3ac319307d1f,
        type: 3}
      propertyPath: m_LocalPosition.y
      value: 0
      objectReference: {fileID: 0}
    - target: {fileID: 8774375620144656870, guid: fda0bd79016772f4b91f3ac319307d1f,
        type: 3}
      propertyPath: m_LocalPosition.z
      value: 1.5
      objectReference: {fileID: 0}
    - target: {fileID: 8774375620144656870, guid: fda0bd79016772f4b91f3ac319307d1f,
        type: 3}
      propertyPath: m_LocalRotation.x
      value: -0.7071068
      objectReference: {fileID: 0}
    - target: {fileID: 8774375620144656870, guid: fda0bd79016772f4b91f3ac319307d1f,
        type: 3}
      propertyPath: m_LocalRotation.y
      value: 0
      objectReference: {fileID: 0}
    - target: {fileID: 8774375620144656870, guid: fda0bd79016772f4b91f3ac319307d1f,
        type: 3}
      propertyPath: m_LocalRotation.z
      value: 0
      objectReference: {fileID: 0}
    - target: {fileID: 8774375620144656870, guid: fda0bd79016772f4b91f3ac319307d1f,
        type: 3}
      propertyPath: m_LocalRotation.w
      value: 0.7071068
      objectReference: {fileID: 0}
    - target: {fileID: 8774375620144656870, guid: fda0bd79016772f4b91f3ac319307d1f,
        type: 3}
      propertyPath: m_RootOrder
      value: 2
      objectReference: {fileID: 0}
    - target: {fileID: 8774375620144656870, guid: fda0bd79016772f4b91f3ac319307d1f,
        type: 3}
      propertyPath: m_LocalEulerAnglesHint.x
      value: -90.00001
      objectReference: {fileID: 0}
    - target: {fileID: 8774375620144656870, guid: fda0bd79016772f4b91f3ac319307d1f,
        type: 3}
      propertyPath: m_LocalEulerAnglesHint.y
      value: 0
      objectReference: {fileID: 0}
    - target: {fileID: 8774375620144656870, guid: fda0bd79016772f4b91f3ac319307d1f,
        type: 3}
      propertyPath: m_LocalEulerAnglesHint.z
      value: 0
      objectReference: {fileID: 0}
    m_RemovedComponents: []
  m_SourcePrefab: {fileID: 100100000, guid: fda0bd79016772f4b91f3ac319307d1f, type: 3}
--- !u!4 &5445254258463310397 stripped
Transform:
  m_CorrespondingSourceObject: {fileID: 8774375620144656870, guid: fda0bd79016772f4b91f3ac319307d1f,
    type: 3}
  m_PrefabInstance: {fileID: 3627004939474203611}
  m_PrefabAsset: {fileID: 0}
--- !u!1001 &3858312369351701841
PrefabInstance:
  m_ObjectHideFlags: 0
  serializedVersion: 2
  m_Modification:
    m_TransformParent: {fileID: 4262173351408986443}
    m_Modifications:
    - target: {fileID: -6836220009338333298, guid: fda0bd79016772f4b91f3ac319307d1f,
        type: 3}
      propertyPath: m_Enabled
      value: 0
      objectReference: {fileID: 0}
    - target: {fileID: 8254826055859284828, guid: fda0bd79016772f4b91f3ac319307d1f,
        type: 3}
      propertyPath: m_Name
      value: central_wall_normal (1)
      objectReference: {fileID: 0}
    - target: {fileID: 8774375620144656870, guid: fda0bd79016772f4b91f3ac319307d1f,
        type: 3}
      propertyPath: m_LocalPosition.x
      value: 0
      objectReference: {fileID: 0}
    - target: {fileID: 8774375620144656870, guid: fda0bd79016772f4b91f3ac319307d1f,
        type: 3}
      propertyPath: m_LocalPosition.y
      value: 0
      objectReference: {fileID: 0}
    - target: {fileID: 8774375620144656870, guid: fda0bd79016772f4b91f3ac319307d1f,
        type: 3}
      propertyPath: m_LocalPosition.z
      value: -2.5
      objectReference: {fileID: 0}
    - target: {fileID: 8774375620144656870, guid: fda0bd79016772f4b91f3ac319307d1f,
        type: 3}
      propertyPath: m_LocalRotation.x
      value: -0.7071068
      objectReference: {fileID: 0}
    - target: {fileID: 8774375620144656870, guid: fda0bd79016772f4b91f3ac319307d1f,
        type: 3}
      propertyPath: m_LocalRotation.y
      value: 0
      objectReference: {fileID: 0}
    - target: {fileID: 8774375620144656870, guid: fda0bd79016772f4b91f3ac319307d1f,
        type: 3}
      propertyPath: m_LocalRotation.z
      value: 0
      objectReference: {fileID: 0}
    - target: {fileID: 8774375620144656870, guid: fda0bd79016772f4b91f3ac319307d1f,
        type: 3}
      propertyPath: m_LocalRotation.w
      value: 0.7071068
      objectReference: {fileID: 0}
    - target: {fileID: 8774375620144656870, guid: fda0bd79016772f4b91f3ac319307d1f,
        type: 3}
      propertyPath: m_RootOrder
      value: 4
      objectReference: {fileID: 0}
    - target: {fileID: 8774375620144656870, guid: fda0bd79016772f4b91f3ac319307d1f,
        type: 3}
      propertyPath: m_LocalEulerAnglesHint.x
      value: -90.00001
      objectReference: {fileID: 0}
    - target: {fileID: 8774375620144656870, guid: fda0bd79016772f4b91f3ac319307d1f,
        type: 3}
      propertyPath: m_LocalEulerAnglesHint.y
      value: 0
      objectReference: {fileID: 0}
    - target: {fileID: 8774375620144656870, guid: fda0bd79016772f4b91f3ac319307d1f,
        type: 3}
      propertyPath: m_LocalEulerAnglesHint.z
      value: 0
      objectReference: {fileID: 0}
    m_RemovedComponents: []
  m_SourcePrefab: {fileID: 100100000, guid: fda0bd79016772f4b91f3ac319307d1f, type: 3}
--- !u!4 &5498792388248061111 stripped
Transform:
  m_CorrespondingSourceObject: {fileID: 8774375620144656870, guid: fda0bd79016772f4b91f3ac319307d1f,
    type: 3}
  m_PrefabInstance: {fileID: 3858312369351701841}
  m_PrefabAsset: {fileID: 0}
--- !u!1001 &6118953190656545633
PrefabInstance:
  m_ObjectHideFlags: 0
  serializedVersion: 2
  m_Modification:
    m_TransformParent: {fileID: 4262173351408986443}
    m_Modifications:
    - target: {fileID: -6836220009338333298, guid: fda0bd79016772f4b91f3ac319307d1f,
        type: 3}
      propertyPath: m_Enabled
      value: 0
      objectReference: {fileID: 0}
    - target: {fileID: 8254826055859284828, guid: fda0bd79016772f4b91f3ac319307d1f,
        type: 3}
      propertyPath: m_Name
      value: central_wall_normal (4)
      objectReference: {fileID: 0}
    - target: {fileID: 8774375620144656870, guid: fda0bd79016772f4b91f3ac319307d1f,
        type: 3}
      propertyPath: m_LocalPosition.x
      value: 0
      objectReference: {fileID: 0}
    - target: {fileID: 8774375620144656870, guid: fda0bd79016772f4b91f3ac319307d1f,
        type: 3}
      propertyPath: m_LocalPosition.y
      value: 0
      objectReference: {fileID: 0}
    - target: {fileID: 8774375620144656870, guid: fda0bd79016772f4b91f3ac319307d1f,
        type: 3}
      propertyPath: m_LocalPosition.z
      value: 3.5
      objectReference: {fileID: 0}
    - target: {fileID: 8774375620144656870, guid: fda0bd79016772f4b91f3ac319307d1f,
        type: 3}
      propertyPath: m_LocalRotation.x
      value: -0.7071068
      objectReference: {fileID: 0}
    - target: {fileID: 8774375620144656870, guid: fda0bd79016772f4b91f3ac319307d1f,
        type: 3}
      propertyPath: m_LocalRotation.y
      value: 0
      objectReference: {fileID: 0}
    - target: {fileID: 8774375620144656870, guid: fda0bd79016772f4b91f3ac319307d1f,
        type: 3}
      propertyPath: m_LocalRotation.z
      value: 0
      objectReference: {fileID: 0}
    - target: {fileID: 8774375620144656870, guid: fda0bd79016772f4b91f3ac319307d1f,
        type: 3}
      propertyPath: m_LocalRotation.w
      value: 0.7071068
      objectReference: {fileID: 0}
    - target: {fileID: 8774375620144656870, guid: fda0bd79016772f4b91f3ac319307d1f,
        type: 3}
      propertyPath: m_RootOrder
      value: 7
      objectReference: {fileID: 0}
    - target: {fileID: 8774375620144656870, guid: fda0bd79016772f4b91f3ac319307d1f,
        type: 3}
      propertyPath: m_LocalEulerAnglesHint.x
      value: -90.00001
      objectReference: {fileID: 0}
    - target: {fileID: 8774375620144656870, guid: fda0bd79016772f4b91f3ac319307d1f,
        type: 3}
      propertyPath: m_LocalEulerAnglesHint.y
      value: 0
      objectReference: {fileID: 0}
    - target: {fileID: 8774375620144656870, guid: fda0bd79016772f4b91f3ac319307d1f,
        type: 3}
      propertyPath: m_LocalEulerAnglesHint.z
      value: 0
      objectReference: {fileID: 0}
    m_RemovedComponents: []
  m_SourcePrefab: {fileID: 100100000, guid: fda0bd79016772f4b91f3ac319307d1f, type: 3}
--- !u!4 &3255605150068400775 stripped
Transform:
  m_CorrespondingSourceObject: {fileID: 8774375620144656870, guid: fda0bd79016772f4b91f3ac319307d1f,
    type: 3}
  m_PrefabInstance: {fileID: 6118953190656545633}
  m_PrefabAsset: {fileID: 0}
--- !u!1001 &6800086899424987553
PrefabInstance:
  m_ObjectHideFlags: 0
  serializedVersion: 2
  m_Modification:
    m_TransformParent: {fileID: 4262173351408986443}
    m_Modifications:
    - target: {fileID: -6836220009338333298, guid: fda0bd79016772f4b91f3ac319307d1f,
        type: 3}
      propertyPath: m_Enabled
      value: 0
      objectReference: {fileID: 0}
    - target: {fileID: 8254826055859284828, guid: fda0bd79016772f4b91f3ac319307d1f,
        type: 3}
      propertyPath: m_Name
      value: central_wall_normal
      objectReference: {fileID: 0}
    - target: {fileID: 8774375620144656870, guid: fda0bd79016772f4b91f3ac319307d1f,
        type: 3}
      propertyPath: m_LocalPosition.x
      value: 0
      objectReference: {fileID: 0}
    - target: {fileID: 8774375620144656870, guid: fda0bd79016772f4b91f3ac319307d1f,
        type: 3}
      propertyPath: m_LocalPosition.y
      value: 0
      objectReference: {fileID: 0}
    - target: {fileID: 8774375620144656870, guid: fda0bd79016772f4b91f3ac319307d1f,
        type: 3}
      propertyPath: m_LocalPosition.z
      value: 0.5
      objectReference: {fileID: 0}
    - target: {fileID: 8774375620144656870, guid: fda0bd79016772f4b91f3ac319307d1f,
        type: 3}
      propertyPath: m_LocalRotation.x
      value: -0.7071068
      objectReference: {fileID: 0}
    - target: {fileID: 8774375620144656870, guid: fda0bd79016772f4b91f3ac319307d1f,
        type: 3}
      propertyPath: m_LocalRotation.y
      value: 0
      objectReference: {fileID: 0}
    - target: {fileID: 8774375620144656870, guid: fda0bd79016772f4b91f3ac319307d1f,
        type: 3}
      propertyPath: m_LocalRotation.z
      value: 0
      objectReference: {fileID: 0}
    - target: {fileID: 8774375620144656870, guid: fda0bd79016772f4b91f3ac319307d1f,
        type: 3}
      propertyPath: m_LocalRotation.w
      value: 0.7071068
      objectReference: {fileID: 0}
    - target: {fileID: 8774375620144656870, guid: fda0bd79016772f4b91f3ac319307d1f,
        type: 3}
      propertyPath: m_RootOrder
      value: 1
      objectReference: {fileID: 0}
    - target: {fileID: 8774375620144656870, guid: fda0bd79016772f4b91f3ac319307d1f,
        type: 3}
      propertyPath: m_LocalEulerAnglesHint.x
      value: -90.00001
      objectReference: {fileID: 0}
    - target: {fileID: 8774375620144656870, guid: fda0bd79016772f4b91f3ac319307d1f,
        type: 3}
      propertyPath: m_LocalEulerAnglesHint.y
      value: 0
      objectReference: {fileID: 0}
    - target: {fileID: 8774375620144656870, guid: fda0bd79016772f4b91f3ac319307d1f,
        type: 3}
      propertyPath: m_LocalEulerAnglesHint.z
      value: 0
      objectReference: {fileID: 0}
    m_RemovedComponents: []
  m_SourcePrefab: {fileID: 100100000, guid: fda0bd79016772f4b91f3ac319307d1f, type: 3}
--- !u!4 &2853623151006480455 stripped
Transform:
  m_CorrespondingSourceObject: {fileID: 8774375620144656870, guid: fda0bd79016772f4b91f3ac319307d1f,
    type: 3}
  m_PrefabInstance: {fileID: 6800086899424987553}
  m_PrefabAsset: {fileID: 0}
--- !u!1001 &8178413880586363291
PrefabInstance:
  m_ObjectHideFlags: 0
  serializedVersion: 2
  m_Modification:
    m_TransformParent: {fileID: 4262173351408986443}
    m_Modifications:
    - target: {fileID: -6836220009338333298, guid: fda0bd79016772f4b91f3ac319307d1f,
        type: 3}
      propertyPath: m_Enabled
      value: 0
      objectReference: {fileID: 0}
    - target: {fileID: 8254826055859284828, guid: fda0bd79016772f4b91f3ac319307d1f,
        type: 3}
      propertyPath: m_Name
      value: central_wall_normal
      objectReference: {fileID: 0}
    - target: {fileID: 8774375620144656870, guid: fda0bd79016772f4b91f3ac319307d1f,
        type: 3}
      propertyPath: m_LocalPosition.x
      value: 0
      objectReference: {fileID: 0}
    - target: {fileID: 8774375620144656870, guid: fda0bd79016772f4b91f3ac319307d1f,
        type: 3}
      propertyPath: m_LocalPosition.y
      value: 0
      objectReference: {fileID: 0}
    - target: {fileID: 8774375620144656870, guid: fda0bd79016772f4b91f3ac319307d1f,
        type: 3}
      propertyPath: m_LocalPosition.z
      value: -0.5
      objectReference: {fileID: 0}
    - target: {fileID: 8774375620144656870, guid: fda0bd79016772f4b91f3ac319307d1f,
        type: 3}
      propertyPath: m_LocalRotation.x
      value: -0.7071068
      objectReference: {fileID: 0}
    - target: {fileID: 8774375620144656870, guid: fda0bd79016772f4b91f3ac319307d1f,
        type: 3}
      propertyPath: m_LocalRotation.y
      value: 0
      objectReference: {fileID: 0}
    - target: {fileID: 8774375620144656870, guid: fda0bd79016772f4b91f3ac319307d1f,
        type: 3}
      propertyPath: m_LocalRotation.z
      value: 0
      objectReference: {fileID: 0}
    - target: {fileID: 8774375620144656870, guid: fda0bd79016772f4b91f3ac319307d1f,
        type: 3}
      propertyPath: m_LocalRotation.w
      value: 0.7071068
      objectReference: {fileID: 0}
    - target: {fileID: 8774375620144656870, guid: fda0bd79016772f4b91f3ac319307d1f,
        type: 3}
      propertyPath: m_RootOrder
      value: 0
      objectReference: {fileID: 0}
    - target: {fileID: 8774375620144656870, guid: fda0bd79016772f4b91f3ac319307d1f,
        type: 3}
      propertyPath: m_LocalEulerAnglesHint.x
      value: -90.00001
      objectReference: {fileID: 0}
    - target: {fileID: 8774375620144656870, guid: fda0bd79016772f4b91f3ac319307d1f,
        type: 3}
      propertyPath: m_LocalEulerAnglesHint.y
      value: 0
      objectReference: {fileID: 0}
    - target: {fileID: 8774375620144656870, guid: fda0bd79016772f4b91f3ac319307d1f,
        type: 3}
      propertyPath: m_LocalEulerAnglesHint.z
      value: 0
      objectReference: {fileID: 0}
    m_RemovedComponents: []
  m_SourcePrefab: {fileID: 100100000, guid: fda0bd79016772f4b91f3ac319307d1f, type: 3}
--- !u!4 &629175964058292349 stripped
Transform:
  m_CorrespondingSourceObject: {fileID: 8774375620144656870, guid: fda0bd79016772f4b91f3ac319307d1f,
    type: 3}
  m_PrefabInstance: {fileID: 8178413880586363291}
  m_PrefabAsset: {fileID: 0}
