%YAML 1.1
%TAG !u! tag:unity3d.com,2011:
--- !u!1 &2218606229465705043
GameObject:
  m_ObjectHideFlags: 0
  m_CorrespondingSourceObject: {fileID: 0}
  m_PrefabInstance: {fileID: 0}
  m_PrefabAsset: {fileID: 0}
  serializedVersion: 6
  m_Component:
  - component: {fileID: 2518989504177048499}
  - component: {fileID: 2821337244222793397}
  m_Layer: 0
  m_Name: R_wall_1x5
  m_TagString: Untagged
  m_Icon: {fileID: 0}
  m_NavMeshLayer: 0
  m_StaticEditorFlags: 0
  m_IsActive: 1
--- !u!4 &2518989504177048499
Transform:
  m_ObjectHideFlags: 0
  m_CorrespondingSourceObject: {fileID: 0}
  m_PrefabInstance: {fileID: 0}
  m_PrefabAsset: {fileID: 0}
  m_GameObject: {fileID: 2218606229465705043}
  m_LocalRotation: {x: -0, y: -0, z: -0, w: 1}
  m_LocalPosition: {x: 0, y: 0, z: 0}
  m_LocalScale: {x: 1, y: 1, z: 1}
  m_Children:
  - {fileID: 1254322572747600517}
  - {fileID: 4488237996724001471}
  - {fileID: 5927329104353616069}
  - {fileID: 2221675055020562699}
  - {fileID: 4318653843344415628}
  m_Father: {fileID: 0}
  m_RootOrder: 0
  m_LocalEulerAnglesHint: {x: 0, y: 0, z: 0}
--- !u!65 &2821337244222793397
BoxCollider:
  m_ObjectHideFlags: 0
  m_CorrespondingSourceObject: {fileID: 0}
  m_PrefabInstance: {fileID: 0}
  m_PrefabAsset: {fileID: 0}
  m_GameObject: {fileID: 2218606229465705043}
  m_Material: {fileID: 0}
  m_IsTrigger: 0
  m_Enabled: 1
  serializedVersion: 2
  m_Size: {x: 1, y: 0.14660549, z: 5}
  m_Center: {x: 0, y: 0.07420826, z: 0.004638195}
--- !u!1001 &3136407812775940387
PrefabInstance:
  m_ObjectHideFlags: 0
  serializedVersion: 2
  m_Modification:
    m_TransformParent: {fileID: 2518989504177048499}
    m_Modifications:
    - target: {fileID: -6836220009338333298, guid: fda0bd79016772f4b91f3ac319307d1f,
        type: 3}
      propertyPath: m_Enabled
      value: 0
      objectReference: {fileID: 0}
    - target: {fileID: 8254826055859284828, guid: fda0bd79016772f4b91f3ac319307d1f,
        type: 3}
      propertyPath: m_Name
      value: central_wall_normal
      objectReference: {fileID: 0}
    - target: {fileID: 8774375620144656870, guid: fda0bd79016772f4b91f3ac319307d1f,
        type: 3}
      propertyPath: m_LocalPosition.x
      value: 0
      objectReference: {fileID: 0}
    - target: {fileID: 8774375620144656870, guid: fda0bd79016772f4b91f3ac319307d1f,
        type: 3}
      propertyPath: m_LocalPosition.y
      value: 0
      objectReference: {fileID: 0}
    - target: {fileID: 8774375620144656870, guid: fda0bd79016772f4b91f3ac319307d1f,
        type: 3}
      propertyPath: m_LocalPosition.z
      value: 1
      objectReference: {fileID: 0}
    - target: {fileID: 8774375620144656870, guid: fda0bd79016772f4b91f3ac319307d1f,
        type: 3}
      propertyPath: m_LocalRotation.x
      value: -0.7071068
      objectReference: {fileID: 0}
    - target: {fileID: 8774375620144656870, guid: fda0bd79016772f4b91f3ac319307d1f,
        type: 3}
      propertyPath: m_LocalRotation.y
      value: 0
      objectReference: {fileID: 0}
    - target: {fileID: 8774375620144656870, guid: fda0bd79016772f4b91f3ac319307d1f,
        type: 3}
      propertyPath: m_LocalRotation.z
      value: 0
      objectReference: {fileID: 0}
    - target: {fileID: 8774375620144656870, guid: fda0bd79016772f4b91f3ac319307d1f,
        type: 3}
      propertyPath: m_LocalRotation.w
      value: 0.7071068
      objectReference: {fileID: 0}
    - target: {fileID: 8774375620144656870, guid: fda0bd79016772f4b91f3ac319307d1f,
        type: 3}
      propertyPath: m_RootOrder
      value: 2
      objectReference: {fileID: 0}
    - target: {fileID: 8774375620144656870, guid: fda0bd79016772f4b91f3ac319307d1f,
        type: 3}
      propertyPath: m_LocalEulerAnglesHint.x
      value: -90
      objectReference: {fileID: 0}
    - target: {fileID: 8774375620144656870, guid: fda0bd79016772f4b91f3ac319307d1f,
        type: 3}
      propertyPath: m_LocalEulerAnglesHint.y
      value: 0
      objectReference: {fileID: 0}
    - target: {fileID: 8774375620144656870, guid: fda0bd79016772f4b91f3ac319307d1f,
        type: 3}
      propertyPath: m_LocalEulerAnglesHint.z
      value: 0
      objectReference: {fileID: 0}
    m_RemovedComponents: []
  m_SourcePrefab: {fileID: 100100000, guid: fda0bd79016772f4b91f3ac319307d1f, type: 3}
--- !u!4 &5927329104353616069 stripped
Transform:
  m_CorrespondingSourceObject: {fileID: 8774375620144656870, guid: fda0bd79016772f4b91f3ac319307d1f,
    type: 3}
  m_PrefabInstance: {fileID: 3136407812775940387}
  m_PrefabAsset: {fileID: 0}
--- !u!1001 &4767668138277513834
PrefabInstance:
  m_ObjectHideFlags: 0
  serializedVersion: 2
  m_Modification:
    m_TransformParent: {fileID: 2518989504177048499}
    m_Modifications:
    - target: {fileID: -6836220009338333298, guid: fda0bd79016772f4b91f3ac319307d1f,
        type: 3}
      propertyPath: m_Enabled
      value: 0
      objectReference: {fileID: 0}
    - target: {fileID: 8254826055859284828, guid: fda0bd79016772f4b91f3ac319307d1f,
        type: 3}
      propertyPath: m_Name
      value: central_wall_normal (2)
      objectReference: {fileID: 0}
    - target: {fileID: 8774375620144656870, guid: fda0bd79016772f4b91f3ac319307d1f,
        type: 3}
      propertyPath: m_LocalPosition.x
      value: 0
      objectReference: {fileID: 0}
    - target: {fileID: 8774375620144656870, guid: fda0bd79016772f4b91f3ac319307d1f,
        type: 3}
      propertyPath: m_LocalPosition.y
      value: 0
      objectReference: {fileID: 0}
    - target: {fileID: 8774375620144656870, guid: fda0bd79016772f4b91f3ac319307d1f,
        type: 3}
      propertyPath: m_LocalPosition.z
      value: 2
      objectReference: {fileID: 0}
    - target: {fileID: 8774375620144656870, guid: fda0bd79016772f4b91f3ac319307d1f,
        type: 3}
      propertyPath: m_LocalRotation.x
      value: -0.7071068
      objectReference: {fileID: 0}
    - target: {fileID: 8774375620144656870, guid: fda0bd79016772f4b91f3ac319307d1f,
        type: 3}
      propertyPath: m_LocalRotation.y
      value: 0
      objectReference: {fileID: 0}
    - target: {fileID: 8774375620144656870, guid: fda0bd79016772f4b91f3ac319307d1f,
        type: 3}
      propertyPath: m_LocalRotation.z
      value: 0
      objectReference: {fileID: 0}
    - target: {fileID: 8774375620144656870, guid: fda0bd79016772f4b91f3ac319307d1f,
        type: 3}
      propertyPath: m_LocalRotation.w
      value: 0.7071068
      objectReference: {fileID: 0}
    - target: {fileID: 8774375620144656870, guid: fda0bd79016772f4b91f3ac319307d1f,
        type: 3}
      propertyPath: m_RootOrder
      value: 4
      objectReference: {fileID: 0}
    - target: {fileID: 8774375620144656870, guid: fda0bd79016772f4b91f3ac319307d1f,
        type: 3}
      propertyPath: m_LocalEulerAnglesHint.x
      value: -90
      objectReference: {fileID: 0}
    - target: {fileID: 8774375620144656870, guid: fda0bd79016772f4b91f3ac319307d1f,
        type: 3}
      propertyPath: m_LocalEulerAnglesHint.y
      value: 0
      objectReference: {fileID: 0}
    - target: {fileID: 8774375620144656870, guid: fda0bd79016772f4b91f3ac319307d1f,
        type: 3}
      propertyPath: m_LocalEulerAnglesHint.z
      value: 0
      objectReference: {fileID: 0}
    m_RemovedComponents: []
  m_SourcePrefab: {fileID: 100100000, guid: fda0bd79016772f4b91f3ac319307d1f, type: 3}
--- !u!4 &4318653843344415628 stripped
Transform:
  m_CorrespondingSourceObject: {fileID: 8774375620144656870, guid: fda0bd79016772f4b91f3ac319307d1f,
    type: 3}
  m_PrefabInstance: {fileID: 4767668138277513834}
  m_PrefabAsset: {fileID: 0}
--- !u!1001 &5155975674325166937
PrefabInstance:
  m_ObjectHideFlags: 0
  serializedVersion: 2
  m_Modification:
    m_TransformParent: {fileID: 2518989504177048499}
    m_Modifications:
    - target: {fileID: -6836220009338333298, guid: fda0bd79016772f4b91f3ac319307d1f,
        type: 3}
      propertyPath: m_Enabled
      value: 0
      objectReference: {fileID: 0}
    - target: {fileID: 8254826055859284828, guid: fda0bd79016772f4b91f3ac319307d1f,
        type: 3}
      propertyPath: m_Name
      value: central_wall_normal
      objectReference: {fileID: 0}
    - target: {fileID: 8774375620144656870, guid: fda0bd79016772f4b91f3ac319307d1f,
        type: 3}
      propertyPath: m_LocalPosition.x
      value: 0
      objectReference: {fileID: 0}
    - target: {fileID: 8774375620144656870, guid: fda0bd79016772f4b91f3ac319307d1f,
        type: 3}
      propertyPath: m_LocalPosition.y
      value: 0
      objectReference: {fileID: 0}
    - target: {fileID: 8774375620144656870, guid: fda0bd79016772f4b91f3ac319307d1f,
        type: 3}
      propertyPath: m_LocalPosition.z
      value: 0
      objectReference: {fileID: 0}
    - target: {fileID: 8774375620144656870, guid: fda0bd79016772f4b91f3ac319307d1f,
        type: 3}
      propertyPath: m_LocalRotation.x
      value: -0.7071068
      objectReference: {fileID: 0}
    - target: {fileID: 8774375620144656870, guid: fda0bd79016772f4b91f3ac319307d1f,
        type: 3}
      propertyPath: m_LocalRotation.y
      value: 0
      objectReference: {fileID: 0}
    - target: {fileID: 8774375620144656870, guid: fda0bd79016772f4b91f3ac319307d1f,
        type: 3}
      propertyPath: m_LocalRotation.z
      value: 0
      objectReference: {fileID: 0}
    - target: {fileID: 8774375620144656870, guid: fda0bd79016772f4b91f3ac319307d1f,
        type: 3}
      propertyPath: m_LocalRotation.w
      value: 0.7071068
      objectReference: {fileID: 0}
    - target: {fileID: 8774375620144656870, guid: fda0bd79016772f4b91f3ac319307d1f,
        type: 3}
      propertyPath: m_RootOrder
      value: 1
      objectReference: {fileID: 0}
    - target: {fileID: 8774375620144656870, guid: fda0bd79016772f4b91f3ac319307d1f,
        type: 3}
      propertyPath: m_LocalEulerAnglesHint.x
      value: -90
      objectReference: {fileID: 0}
    - target: {fileID: 8774375620144656870, guid: fda0bd79016772f4b91f3ac319307d1f,
        type: 3}
      propertyPath: m_LocalEulerAnglesHint.y
      value: 0
      objectReference: {fileID: 0}
    - target: {fileID: 8774375620144656870, guid: fda0bd79016772f4b91f3ac319307d1f,
        type: 3}
      propertyPath: m_LocalEulerAnglesHint.z
      value: 0
      objectReference: {fileID: 0}
    m_RemovedComponents: []
  m_SourcePrefab: {fileID: 100100000, guid: fda0bd79016772f4b91f3ac319307d1f, type: 3}
--- !u!4 &4488237996724001471 stripped
Transform:
  m_CorrespondingSourceObject: {fileID: 8774375620144656870, guid: fda0bd79016772f4b91f3ac319307d1f,
    type: 3}
  m_PrefabInstance: {fileID: 5155975674325166937}
  m_PrefabAsset: {fileID: 0}
--- !u!1001 &7426472697561426157
PrefabInstance:
  m_ObjectHideFlags: 0
  serializedVersion: 2
  m_Modification:
    m_TransformParent: {fileID: 2518989504177048499}
    m_Modifications:
    - target: {fileID: -6836220009338333298, guid: fda0bd79016772f4b91f3ac319307d1f,
        type: 3}
      propertyPath: m_Enabled
      value: 0
      objectReference: {fileID: 0}
    - target: {fileID: 8254826055859284828, guid: fda0bd79016772f4b91f3ac319307d1f,
        type: 3}
      propertyPath: m_Name
      value: central_wall_normal (1)
      objectReference: {fileID: 0}
    - target: {fileID: 8774375620144656870, guid: fda0bd79016772f4b91f3ac319307d1f,
        type: 3}
      propertyPath: m_LocalPosition.x
      value: 0
      objectReference: {fileID: 0}
    - target: {fileID: 8774375620144656870, guid: fda0bd79016772f4b91f3ac319307d1f,
        type: 3}
      propertyPath: m_LocalPosition.y
      value: 0
      objectReference: {fileID: 0}
    - target: {fileID: 8774375620144656870, guid: fda0bd79016772f4b91f3ac319307d1f,
        type: 3}
      propertyPath: m_LocalPosition.z
      value: -2
      objectReference: {fileID: 0}
    - target: {fileID: 8774375620144656870, guid: fda0bd79016772f4b91f3ac319307d1f,
        type: 3}
      propertyPath: m_LocalRotation.x
      value: -0.7071068
      objectReference: {fileID: 0}
    - target: {fileID: 8774375620144656870, guid: fda0bd79016772f4b91f3ac319307d1f,
        type: 3}
      propertyPath: m_LocalRotation.y
      value: 0
      objectReference: {fileID: 0}
    - target: {fileID: 8774375620144656870, guid: fda0bd79016772f4b91f3ac319307d1f,
        type: 3}
      propertyPath: m_LocalRotation.z
      value: 0
      objectReference: {fileID: 0}
    - target: {fileID: 8774375620144656870, guid: fda0bd79016772f4b91f3ac319307d1f,
        type: 3}
      propertyPath: m_LocalRotation.w
      value: 0.7071068
      objectReference: {fileID: 0}
    - target: {fileID: 8774375620144656870, guid: fda0bd79016772f4b91f3ac319307d1f,
        type: 3}
      propertyPath: m_RootOrder
      value: 3
      objectReference: {fileID: 0}
    - target: {fileID: 8774375620144656870, guid: fda0bd79016772f4b91f3ac319307d1f,
        type: 3}
      propertyPath: m_LocalEulerAnglesHint.x
      value: -90
      objectReference: {fileID: 0}
    - target: {fileID: 8774375620144656870, guid: fda0bd79016772f4b91f3ac319307d1f,
        type: 3}
      propertyPath: m_LocalEulerAnglesHint.y
      value: 0
      objectReference: {fileID: 0}
    - target: {fileID: 8774375620144656870, guid: fda0bd79016772f4b91f3ac319307d1f,
        type: 3}
      propertyPath: m_LocalEulerAnglesHint.z
      value: 0
      objectReference: {fileID: 0}
    m_RemovedComponents: []
  m_SourcePrefab: {fileID: 100100000, guid: fda0bd79016772f4b91f3ac319307d1f, type: 3}
--- !u!4 &2221675055020562699 stripped
Transform:
  m_CorrespondingSourceObject: {fileID: 8774375620144656870, guid: fda0bd79016772f4b91f3ac319307d1f,
    type: 3}
  m_PrefabInstance: {fileID: 7426472697561426157}
  m_PrefabAsset: {fileID: 0}
--- !u!1001 &7542658119093846883
PrefabInstance:
  m_ObjectHideFlags: 0
  serializedVersion: 2
  m_Modification:
    m_TransformParent: {fileID: 2518989504177048499}
    m_Modifications:
    - target: {fileID: -6836220009338333298, guid: fda0bd79016772f4b91f3ac319307d1f,
        type: 3}
      propertyPath: m_Enabled
      value: 0
      objectReference: {fileID: 0}
    - target: {fileID: 8254826055859284828, guid: fda0bd79016772f4b91f3ac319307d1f,
        type: 3}
      propertyPath: m_Name
      value: central_wall_normal
      objectReference: {fileID: 0}
    - target: {fileID: 8774375620144656870, guid: fda0bd79016772f4b91f3ac319307d1f,
        type: 3}
      propertyPath: m_LocalPosition.x
      value: 0
      objectReference: {fileID: 0}
    - target: {fileID: 8774375620144656870, guid: fda0bd79016772f4b91f3ac319307d1f,
        type: 3}
      propertyPath: m_LocalPosition.y
      value: 0
      objectReference: {fileID: 0}
    - target: {fileID: 8774375620144656870, guid: fda0bd79016772f4b91f3ac319307d1f,
        type: 3}
      propertyPath: m_LocalPosition.z
      value: -1
      objectReference: {fileID: 0}
    - target: {fileID: 8774375620144656870, guid: fda0bd79016772f4b91f3ac319307d1f,
        type: 3}
      propertyPath: m_LocalRotation.x
      value: -0.7071068
      objectReference: {fileID: 0}
    - target: {fileID: 8774375620144656870, guid: fda0bd79016772f4b91f3ac319307d1f,
        type: 3}
      propertyPath: m_LocalRotation.y
      value: 0
      objectReference: {fileID: 0}
    - target: {fileID: 8774375620144656870, guid: fda0bd79016772f4b91f3ac319307d1f,
        type: 3}
      propertyPath: m_LocalRotation.z
      value: 0
      objectReference: {fileID: 0}
    - target: {fileID: 8774375620144656870, guid: fda0bd79016772f4b91f3ac319307d1f,
        type: 3}
      propertyPath: m_LocalRotation.w
      value: 0.7071068
      objectReference: {fileID: 0}
    - target: {fileID: 8774375620144656870, guid: fda0bd79016772f4b91f3ac319307d1f,
        type: 3}
      propertyPath: m_RootOrder
      value: 0
      objectReference: {fileID: 0}
    - target: {fileID: 8774375620144656870, guid: fda0bd79016772f4b91f3ac319307d1f,
        type: 3}
      propertyPath: m_LocalEulerAnglesHint.x
      value: -90
      objectReference: {fileID: 0}
    - target: {fileID: 8774375620144656870, guid: fda0bd79016772f4b91f3ac319307d1f,
        type: 3}
      propertyPath: m_LocalEulerAnglesHint.y
      value: 0
      objectReference: {fileID: 0}
    - target: {fileID: 8774375620144656870, guid: fda0bd79016772f4b91f3ac319307d1f,
        type: 3}
      propertyPath: m_LocalEulerAnglesHint.z
      value: 0
      objectReference: {fileID: 0}
    m_RemovedComponents: []
  m_SourcePrefab: {fileID: 100100000, guid: fda0bd79016772f4b91f3ac319307d1f, type: 3}
--- !u!4 &1254322572747600517 stripped
Transform:
  m_CorrespondingSourceObject: {fileID: 8774375620144656870, guid: fda0bd79016772f4b91f3ac319307d1f,
    type: 3}
  m_PrefabInstance: {fileID: 7542658119093846883}
  m_PrefabAsset: {fileID: 0}
