%YAML 1.1
%TAG !u! tag:unity3d.com,2011:
--- !u!1 &8387420902648139404
GameObject:
  m_ObjectHideFlags: 0
  m_CorrespondingSourceObject: {fileID: 0}
  m_PrefabInstance: {fileID: 0}
  m_PrefabAsset: {fileID: 0}
  serializedVersion: 6
  m_Component:
  - component: {fileID: 2268478364286809744}
  - component: {fileID: 2969536199881347189}
  m_Layer: 0
  m_Name: R_wall_5x6
  m_TagString: Untagged
  m_Icon: {fileID: 0}
  m_NavMeshLayer: 0
  m_StaticEditorFlags: 0
  m_IsActive: 1
--- !u!4 &2268478364286809744
Transform:
  m_ObjectHideFlags: 0
  m_CorrespondingSourceObject: {fileID: 0}
  m_PrefabInstance: {fileID: 0}
  m_PrefabAsset: {fileID: 0}
  m_GameObject: {fileID: 8387420902648139404}
  m_LocalRotation: {x: -0, y: -0.7071068, z: -0, w: 0.7071068}
  m_LocalPosition: {x: 7.000002, y: 3, z: 8.500002}
  m_LocalScale: {x: 1, y: 1, z: 1}
  m_Children:
  - {fileID: 6211989704682660776}
  - {fileID: 7356844745187349893}
  - {fileID: 9141508405243234130}
  - {fileID: 4977578394215921516}
  - {fileID: 9048834529121802401}
  - {fileID: 8985501927770933901}
  - {fileID: 5776700297660666681}
  - {fileID: 6280954121233705889}
  - {fileID: 8417389014452660056}
  - {fileID: 5620971913538131106}
  - {fileID: 5958771095249324595}
  - {fileID: 3315497995525788960}
  - {fileID: 2985302531946506116}
  - {fileID: 1562118215598464355}
  - {fileID: 511436546484990433}
  - {fileID: 3495360590827105833}
  - {fileID: 3120181295718020357}
  - {fileID: 1187781798673607945}
  - {fileID: 8306057162654419415}
  - {fileID: 5447854351459105983}
  - {fileID: 2772648070423065725}
  - {fileID: 1461876741745206202}
  - {fileID: 3602628416484487444}
  - {fileID: 3403186293140913782}
  - {fileID: 7439765769100698907}
  - {fileID: 6750743967384054039}
  - {fileID: 6885412724363647901}
  - {fileID: 2244034712691216930}
  - {fileID: 4908984473176639499}
  - {fileID: 6315454336132705385}
  m_Father: {fileID: 0}
  m_RootOrder: 0
  m_LocalEulerAnglesHint: {x: 0, y: 0, z: 0}
--- !u!65 &2969536199881347189
BoxCollider:
  m_ObjectHideFlags: 0
  m_CorrespondingSourceObject: {fileID: 0}
  m_PrefabInstance: {fileID: 0}
  m_PrefabAsset: {fileID: 0}
  m_GameObject: {fileID: 8387420902648139404}
  m_Material: {fileID: 0}
  m_IsTrigger: 0
  m_Enabled: 1
  serializedVersion: 2
  m_Size: {x: 4.707287, y: 0.2592144, z: 5.7712235}
  m_Center: {x: -0.032785177, y: 0.08715153, z: -0.014925957}
--- !u!1001 &757118038142810161
PrefabInstance:
  m_ObjectHideFlags: 0
  serializedVersion: 2
  m_Modification:
    m_TransformParent: {fileID: 2268478364286809744}
    m_Modifications:
    - target: {fileID: -6836220009338333298, guid: fda0bd79016772f4b91f3ac319307d1f,
        type: 3}
      propertyPath: m_Enabled
      value: 0
      objectReference: {fileID: 0}
    - target: {fileID: 8254826055859284828, guid: fda0bd79016772f4b91f3ac319307d1f,
        type: 3}
      propertyPath: m_Name
      value: central_wall_normal (1)
      objectReference: {fileID: 0}
    - target: {fileID: 8774375620144656870, guid: fda0bd79016772f4b91f3ac319307d1f,
        type: 3}
      propertyPath: m_LocalPosition.x
      value: -0.000001192093
      objectReference: {fileID: 0}
    - target: {fileID: 8774375620144656870, guid: fda0bd79016772f4b91f3ac319307d1f,
        type: 3}
      propertyPath: m_LocalPosition.y
      value: 0
      objectReference: {fileID: 0}
    - target: {fileID: 8774375620144656870, guid: fda0bd79016772f4b91f3ac319307d1f,
        type: 3}
      propertyPath: m_LocalPosition.z
      value: -1.5000002
      objectReference: {fileID: 0}
    - target: {fileID: 8774375620144656870, guid: fda0bd79016772f4b91f3ac319307d1f,
        type: 3}
      propertyPath: m_LocalRotation.x
      value: -0.7071068
      objectReference: {fileID: 0}
    - target: {fileID: 8774375620144656870, guid: fda0bd79016772f4b91f3ac319307d1f,
        type: 3}
      propertyPath: m_LocalRotation.y
      value: 0
      objectReference: {fileID: 0}
    - target: {fileID: 8774375620144656870, guid: fda0bd79016772f4b91f3ac319307d1f,
        type: 3}
      propertyPath: m_LocalRotation.z
      value: 0
      objectReference: {fileID: 0}
    - target: {fileID: 8774375620144656870, guid: fda0bd79016772f4b91f3ac319307d1f,
        type: 3}
      propertyPath: m_LocalRotation.w
      value: 0.7071068
      objectReference: {fileID: 0}
    - target: {fileID: 8774375620144656870, guid: fda0bd79016772f4b91f3ac319307d1f,
        type: 3}
      propertyPath: m_RootOrder
      value: 18
      objectReference: {fileID: 0}
    - target: {fileID: 8774375620144656870, guid: fda0bd79016772f4b91f3ac319307d1f,
        type: 3}
      propertyPath: m_LocalEulerAnglesHint.x
      value: -90
      objectReference: {fileID: 0}
    - target: {fileID: 8774375620144656870, guid: fda0bd79016772f4b91f3ac319307d1f,
        type: 3}
      propertyPath: m_LocalEulerAnglesHint.y
      value: 0
      objectReference: {fileID: 0}
    - target: {fileID: 8774375620144656870, guid: fda0bd79016772f4b91f3ac319307d1f,
        type: 3}
      propertyPath: m_LocalEulerAnglesHint.z
      value: 0
      objectReference: {fileID: 0}
    m_RemovedComponents: []
  m_SourcePrefab: {fileID: 100100000, guid: fda0bd79016772f4b91f3ac319307d1f, type: 3}
--- !u!4 &8306057162654419415 stripped
Transform:
  m_CorrespondingSourceObject: {fileID: 8774375620144656870, guid: fda0bd79016772f4b91f3ac319307d1f,
    type: 3}
  m_PrefabInstance: {fileID: 757118038142810161}
  m_PrefabAsset: {fileID: 0}
--- !u!1001 &833794170748076204
PrefabInstance:
  m_ObjectHideFlags: 0
  serializedVersion: 2
  m_Modification:
    m_TransformParent: {fileID: 2268478364286809744}
    m_Modifications:
    - target: {fileID: 2641235204623245620, guid: f3418a16f7d8b2a47a156369c638eecf,
        type: 3}
      propertyPath: m_Enabled
      value: 0
      objectReference: {fileID: 0}
    - target: {fileID: 6337556105142628791, guid: f3418a16f7d8b2a47a156369c638eecf,
        type: 3}
      propertyPath: m_Name
      value: corner_wall
      objectReference: {fileID: 0}
    - target: {fileID: 6681183642016951053, guid: f3418a16f7d8b2a47a156369c638eecf,
        type: 3}
      propertyPath: m_LocalPosition.x
      value: -2.000002
      objectReference: {fileID: 0}
    - target: {fileID: 6681183642016951053, guid: f3418a16f7d8b2a47a156369c638eecf,
        type: 3}
      propertyPath: m_LocalPosition.y
      value: 0
      objectReference: {fileID: 0}
    - target: {fileID: 6681183642016951053, guid: f3418a16f7d8b2a47a156369c638eecf,
        type: 3}
      propertyPath: m_LocalPosition.z
      value: 2.5000005
      objectReference: {fileID: 0}
    - target: {fileID: 6681183642016951053, guid: f3418a16f7d8b2a47a156369c638eecf,
        type: 3}
      propertyPath: m_LocalRotation.x
      value: 0
      objectReference: {fileID: 0}
    - target: {fileID: 6681183642016951053, guid: f3418a16f7d8b2a47a156369c638eecf,
        type: 3}
      propertyPath: m_LocalRotation.y
      value: 0.7071068
      objectReference: {fileID: 0}
    - target: {fileID: 6681183642016951053, guid: f3418a16f7d8b2a47a156369c638eecf,
        type: 3}
      propertyPath: m_LocalRotation.z
      value: 0.7071068
      objectReference: {fileID: 0}
    - target: {fileID: 6681183642016951053, guid: f3418a16f7d8b2a47a156369c638eecf,
        type: 3}
      propertyPath: m_LocalRotation.w
      value: 0
      objectReference: {fileID: 0}
    - target: {fileID: 6681183642016951053, guid: f3418a16f7d8b2a47a156369c638eecf,
        type: 3}
      propertyPath: m_RootOrder
      value: 7
      objectReference: {fileID: 0}
    - target: {fileID: 6681183642016951053, guid: f3418a16f7d8b2a47a156369c638eecf,
        type: 3}
      propertyPath: m_LocalEulerAnglesHint.x
      value: -90
      objectReference: {fileID: 0}
    - target: {fileID: 6681183642016951053, guid: f3418a16f7d8b2a47a156369c638eecf,
        type: 3}
      propertyPath: m_LocalEulerAnglesHint.y
      value: 0
      objectReference: {fileID: 0}
    - target: {fileID: 6681183642016951053, guid: f3418a16f7d8b2a47a156369c638eecf,
        type: 3}
      propertyPath: m_LocalEulerAnglesHint.z
      value: 180
      objectReference: {fileID: 0}
    m_RemovedComponents: []
  m_SourcePrefab: {fileID: 100100000, guid: f3418a16f7d8b2a47a156369c638eecf, type: 3}
--- !u!4 &6280954121233705889 stripped
Transform:
  m_CorrespondingSourceObject: {fileID: 6681183642016951053, guid: f3418a16f7d8b2a47a156369c638eecf,
    type: 3}
  m_PrefabInstance: {fileID: 833794170748076204}
  m_PrefabAsset: {fileID: 0}
--- !u!1001 &905966038014179380
PrefabInstance:
  m_ObjectHideFlags: 0
  serializedVersion: 2
  m_Modification:
    m_TransformParent: {fileID: 2268478364286809744}
    m_Modifications:
    - target: {fileID: 2641235204623245620, guid: f3418a16f7d8b2a47a156369c638eecf,
        type: 3}
      propertyPath: m_Enabled
      value: 0
      objectReference: {fileID: 0}
    - target: {fileID: 6337556105142628791, guid: f3418a16f7d8b2a47a156369c638eecf,
        type: 3}
      propertyPath: m_Name
      value: corner_wall
      objectReference: {fileID: 0}
    - target: {fileID: 6681183642016951053, guid: f3418a16f7d8b2a47a156369c638eecf,
        type: 3}
      propertyPath: m_LocalPosition.x
      value: -2.0000024
      objectReference: {fileID: 0}
    - target: {fileID: 6681183642016951053, guid: f3418a16f7d8b2a47a156369c638eecf,
        type: 3}
      propertyPath: m_LocalPosition.y
      value: 0
      objectReference: {fileID: 0}
    - target: {fileID: 6681183642016951053, guid: f3418a16f7d8b2a47a156369c638eecf,
        type: 3}
      propertyPath: m_LocalPosition.z
      value: -2.4999998
      objectReference: {fileID: 0}
    - target: {fileID: 6681183642016951053, guid: f3418a16f7d8b2a47a156369c638eecf,
        type: 3}
      propertyPath: m_LocalRotation.x
      value: -0.5
      objectReference: {fileID: 0}
    - target: {fileID: 6681183642016951053, guid: f3418a16f7d8b2a47a156369c638eecf,
        type: 3}
      propertyPath: m_LocalRotation.y
      value: 0.5
      objectReference: {fileID: 0}
    - target: {fileID: 6681183642016951053, guid: f3418a16f7d8b2a47a156369c638eecf,
        type: 3}
      propertyPath: m_LocalRotation.z
      value: 0.5
      objectReference: {fileID: 0}
    - target: {fileID: 6681183642016951053, guid: f3418a16f7d8b2a47a156369c638eecf,
        type: 3}
      propertyPath: m_LocalRotation.w
      value: 0.5
      objectReference: {fileID: 0}
    - target: {fileID: 6681183642016951053, guid: f3418a16f7d8b2a47a156369c638eecf,
        type: 3}
      propertyPath: m_RootOrder
      value: 6
      objectReference: {fileID: 0}
    - target: {fileID: 6681183642016951053, guid: f3418a16f7d8b2a47a156369c638eecf,
        type: 3}
      propertyPath: m_LocalEulerAnglesHint.x
      value: -90
      objectReference: {fileID: 0}
    - target: {fileID: 6681183642016951053, guid: f3418a16f7d8b2a47a156369c638eecf,
        type: 3}
      propertyPath: m_LocalEulerAnglesHint.y
      value: 0
      objectReference: {fileID: 0}
    - target: {fileID: 6681183642016951053, guid: f3418a16f7d8b2a47a156369c638eecf,
        type: 3}
      propertyPath: m_LocalEulerAnglesHint.z
      value: 90
      objectReference: {fileID: 0}
    m_RemovedComponents: []
  m_SourcePrefab: {fileID: 100100000, guid: f3418a16f7d8b2a47a156369c638eecf, type: 3}
--- !u!4 &5776700297660666681 stripped
Transform:
  m_CorrespondingSourceObject: {fileID: 6681183642016951053, guid: f3418a16f7d8b2a47a156369c638eecf,
    type: 3}
  m_PrefabInstance: {fileID: 905966038014179380}
  m_PrefabAsset: {fileID: 0}
--- !u!1001 &1058377037517783967
PrefabInstance:
  m_ObjectHideFlags: 0
  serializedVersion: 2
  m_Modification:
    m_TransformParent: {fileID: 2268478364286809744}
    m_Modifications:
    - target: {fileID: 1421386343766627562, guid: 08768c6c5a80e884a8eb2437c327dfde,
        type: 3}
      propertyPath: m_Enabled
      value: 0
      objectReference: {fileID: 0}
    - target: {fileID: 4661692229395339069, guid: 08768c6c5a80e884a8eb2437c327dfde,
        type: 3}
      propertyPath: m_LocalPosition.x
      value: 1.9999983
      objectReference: {fileID: 0}
    - target: {fileID: 4661692229395339069, guid: 08768c6c5a80e884a8eb2437c327dfde,
        type: 3}
      propertyPath: m_LocalPosition.y
      value: 0
      objectReference: {fileID: 0}
    - target: {fileID: 4661692229395339069, guid: 08768c6c5a80e884a8eb2437c327dfde,
        type: 3}
      propertyPath: m_LocalPosition.z
      value: -0.50000024
      objectReference: {fileID: 0}
    - target: {fileID: 4661692229395339069, guid: 08768c6c5a80e884a8eb2437c327dfde,
        type: 3}
      propertyPath: m_LocalRotation.x
      value: -0.5
      objectReference: {fileID: 0}
    - target: {fileID: 4661692229395339069, guid: 08768c6c5a80e884a8eb2437c327dfde,
        type: 3}
      propertyPath: m_LocalRotation.y
      value: -0.5
      objectReference: {fileID: 0}
    - target: {fileID: 4661692229395339069, guid: 08768c6c5a80e884a8eb2437c327dfde,
        type: 3}
      propertyPath: m_LocalRotation.z
      value: -0.5
      objectReference: {fileID: 0}
    - target: {fileID: 4661692229395339069, guid: 08768c6c5a80e884a8eb2437c327dfde,
        type: 3}
      propertyPath: m_LocalRotation.w
      value: 0.5
      objectReference: {fileID: 0}
    - target: {fileID: 4661692229395339069, guid: 08768c6c5a80e884a8eb2437c327dfde,
        type: 3}
      propertyPath: m_RootOrder
      value: 9
      objectReference: {fileID: 0}
    - target: {fileID: 4661692229395339069, guid: 08768c6c5a80e884a8eb2437c327dfde,
        type: 3}
      propertyPath: m_LocalEulerAnglesHint.x
      value: -90
      objectReference: {fileID: 0}
    - target: {fileID: 4661692229395339069, guid: 08768c6c5a80e884a8eb2437c327dfde,
        type: 3}
      propertyPath: m_LocalEulerAnglesHint.y
      value: 0
      objectReference: {fileID: 0}
    - target: {fileID: 4661692229395339069, guid: 08768c6c5a80e884a8eb2437c327dfde,
        type: 3}
      propertyPath: m_LocalEulerAnglesHint.z
      value: -90
      objectReference: {fileID: 0}
    - target: {fileID: 5474821126737530247, guid: 08768c6c5a80e884a8eb2437c327dfde,
        type: 3}
      propertyPath: m_Name
      value: side_wall_normal
      objectReference: {fileID: 0}
    m_RemovedComponents: []
  m_SourcePrefab: {fileID: 100100000, guid: 08768c6c5a80e884a8eb2437c327dfde, type: 3}
--- !u!4 &5620971913538131106 stripped
Transform:
  m_CorrespondingSourceObject: {fileID: 4661692229395339069, guid: 08768c6c5a80e884a8eb2437c327dfde,
    type: 3}
  m_PrefabInstance: {fileID: 1058377037517783967}
  m_PrefabAsset: {fileID: 0}
--- !u!1001 &1297149801577405710
PrefabInstance:
  m_ObjectHideFlags: 0
  serializedVersion: 2
  m_Modification:
    m_TransformParent: {fileID: 2268478364286809744}
    m_Modifications:
    - target: {fileID: 1421386343766627562, guid: 08768c6c5a80e884a8eb2437c327dfde,
        type: 3}
      propertyPath: m_Enabled
      value: 0
      objectReference: {fileID: 0}
    - target: {fileID: 4661692229395339069, guid: 08768c6c5a80e884a8eb2437c327dfde,
        type: 3}
      propertyPath: m_LocalPosition.x
      value: 1.9999981
      objectReference: {fileID: 0}
    - target: {fileID: 4661692229395339069, guid: 08768c6c5a80e884a8eb2437c327dfde,
        type: 3}
      propertyPath: m_LocalPosition.y
      value: 0
      objectReference: {fileID: 0}
    - target: {fileID: 4661692229395339069, guid: 08768c6c5a80e884a8eb2437c327dfde,
        type: 3}
      propertyPath: m_LocalPosition.z
      value: -1.5000005
      objectReference: {fileID: 0}
    - target: {fileID: 4661692229395339069, guid: 08768c6c5a80e884a8eb2437c327dfde,
        type: 3}
      propertyPath: m_LocalRotation.x
      value: -0.5
      objectReference: {fileID: 0}
    - target: {fileID: 4661692229395339069, guid: 08768c6c5a80e884a8eb2437c327dfde,
        type: 3}
      propertyPath: m_LocalRotation.y
      value: -0.5
      objectReference: {fileID: 0}
    - target: {fileID: 4661692229395339069, guid: 08768c6c5a80e884a8eb2437c327dfde,
        type: 3}
      propertyPath: m_LocalRotation.z
      value: -0.5
      objectReference: {fileID: 0}
    - target: {fileID: 4661692229395339069, guid: 08768c6c5a80e884a8eb2437c327dfde,
        type: 3}
      propertyPath: m_LocalRotation.w
      value: 0.5
      objectReference: {fileID: 0}
    - target: {fileID: 4661692229395339069, guid: 08768c6c5a80e884a8eb2437c327dfde,
        type: 3}
      propertyPath: m_RootOrder
      value: 10
      objectReference: {fileID: 0}
    - target: {fileID: 4661692229395339069, guid: 08768c6c5a80e884a8eb2437c327dfde,
        type: 3}
      propertyPath: m_LocalEulerAnglesHint.x
      value: -90
      objectReference: {fileID: 0}
    - target: {fileID: 4661692229395339069, guid: 08768c6c5a80e884a8eb2437c327dfde,
        type: 3}
      propertyPath: m_LocalEulerAnglesHint.y
      value: 0
      objectReference: {fileID: 0}
    - target: {fileID: 4661692229395339069, guid: 08768c6c5a80e884a8eb2437c327dfde,
        type: 3}
      propertyPath: m_LocalEulerAnglesHint.z
      value: -90
      objectReference: {fileID: 0}
    - target: {fileID: 5474821126737530247, guid: 08768c6c5a80e884a8eb2437c327dfde,
        type: 3}
      propertyPath: m_Name
      value: side_wall_normal
      objectReference: {fileID: 0}
    m_RemovedComponents: []
  m_SourcePrefab: {fileID: 100100000, guid: 08768c6c5a80e884a8eb2437c327dfde, type: 3}
--- !u!4 &5958771095249324595 stripped
Transform:
  m_CorrespondingSourceObject: {fileID: 4661692229395339069, guid: 08768c6c5a80e884a8eb2437c327dfde,
    type: 3}
  m_PrefabInstance: {fileID: 1297149801577405710}
  m_PrefabAsset: {fileID: 0}
--- !u!1001 &2232522831890633981
PrefabInstance:
  m_ObjectHideFlags: 0
  serializedVersion: 2
  m_Modification:
    m_TransformParent: {fileID: 2268478364286809744}
    m_Modifications:
    - target: {fileID: -6836220009338333298, guid: fda0bd79016772f4b91f3ac319307d1f,
        type: 3}
      propertyPath: m_Enabled
      value: 0
      objectReference: {fileID: 0}
    - target: {fileID: 8254826055859284828, guid: fda0bd79016772f4b91f3ac319307d1f,
        type: 3}
      propertyPath: m_Name
      value: central_wall_normal (5)
      objectReference: {fileID: 0}
    - target: {fileID: 8774375620144656870, guid: fda0bd79016772f4b91f3ac319307d1f,
        type: 3}
      propertyPath: m_LocalPosition.x
      value: 0.9999989
      objectReference: {fileID: 0}
    - target: {fileID: 8774375620144656870, guid: fda0bd79016772f4b91f3ac319307d1f,
        type: 3}
      propertyPath: m_LocalPosition.y
      value: 0
      objectReference: {fileID: 0}
    - target: {fileID: 8774375620144656870, guid: fda0bd79016772f4b91f3ac319307d1f,
        type: 3}
      propertyPath: m_LocalPosition.z
      value: -1.5000004
      objectReference: {fileID: 0}
    - target: {fileID: 8774375620144656870, guid: fda0bd79016772f4b91f3ac319307d1f,
        type: 3}
      propertyPath: m_LocalRotation.x
      value: -0.7071068
      objectReference: {fileID: 0}
    - target: {fileID: 8774375620144656870, guid: fda0bd79016772f4b91f3ac319307d1f,
        type: 3}
      propertyPath: m_LocalRotation.y
      value: 0
      objectReference: {fileID: 0}
    - target: {fileID: 8774375620144656870, guid: fda0bd79016772f4b91f3ac319307d1f,
        type: 3}
      propertyPath: m_LocalRotation.z
      value: 0
      objectReference: {fileID: 0}
    - target: {fileID: 8774375620144656870, guid: fda0bd79016772f4b91f3ac319307d1f,
        type: 3}
      propertyPath: m_LocalRotation.w
      value: 0.7071068
      objectReference: {fileID: 0}
    - target: {fileID: 8774375620144656870, guid: fda0bd79016772f4b91f3ac319307d1f,
        type: 3}
      propertyPath: m_RootOrder
      value: 24
      objectReference: {fileID: 0}
    - target: {fileID: 8774375620144656870, guid: fda0bd79016772f4b91f3ac319307d1f,
        type: 3}
      propertyPath: m_LocalEulerAnglesHint.x
      value: -90
      objectReference: {fileID: 0}
    - target: {fileID: 8774375620144656870, guid: fda0bd79016772f4b91f3ac319307d1f,
        type: 3}
      propertyPath: m_LocalEulerAnglesHint.y
      value: 0
      objectReference: {fileID: 0}
    - target: {fileID: 8774375620144656870, guid: fda0bd79016772f4b91f3ac319307d1f,
        type: 3}
      propertyPath: m_LocalEulerAnglesHint.z
      value: 0
      objectReference: {fileID: 0}
    m_RemovedComponents: []
  m_SourcePrefab: {fileID: 100100000, guid: fda0bd79016772f4b91f3ac319307d1f, type: 3}
--- !u!4 &7439765769100698907 stripped
Transform:
  m_CorrespondingSourceObject: {fileID: 8774375620144656870, guid: fda0bd79016772f4b91f3ac319307d1f,
    type: 3}
  m_PrefabInstance: {fileID: 2232522831890633981}
  m_PrefabAsset: {fileID: 0}
--- !u!1001 &2250759702107950240
PrefabInstance:
  m_ObjectHideFlags: 0
  serializedVersion: 2
  m_Modification:
    m_TransformParent: {fileID: 2268478364286809744}
    m_Modifications:
    - target: {fileID: 1421386343766627562, guid: 08768c6c5a80e884a8eb2437c327dfde,
        type: 3}
      propertyPath: m_Enabled
      value: 0
      objectReference: {fileID: 0}
    - target: {fileID: 4661692229395339069, guid: 08768c6c5a80e884a8eb2437c327dfde,
        type: 3}
      propertyPath: m_LocalPosition.x
      value: 0.9999989
      objectReference: {fileID: 0}
    - target: {fileID: 4661692229395339069, guid: 08768c6c5a80e884a8eb2437c327dfde,
        type: 3}
      propertyPath: m_LocalPosition.y
      value: 0
      objectReference: {fileID: 0}
    - target: {fileID: 4661692229395339069, guid: 08768c6c5a80e884a8eb2437c327dfde,
        type: 3}
      propertyPath: m_LocalPosition.z
      value: -2.5000005
      objectReference: {fileID: 0}
    - target: {fileID: 4661692229395339069, guid: 08768c6c5a80e884a8eb2437c327dfde,
        type: 3}
      propertyPath: m_LocalRotation.x
      value: -0.7071068
      objectReference: {fileID: 0}
    - target: {fileID: 4661692229395339069, guid: 08768c6c5a80e884a8eb2437c327dfde,
        type: 3}
      propertyPath: m_LocalRotation.y
      value: 0
      objectReference: {fileID: 0}
    - target: {fileID: 4661692229395339069, guid: 08768c6c5a80e884a8eb2437c327dfde,
        type: 3}
      propertyPath: m_LocalRotation.z
      value: 0
      objectReference: {fileID: 0}
    - target: {fileID: 4661692229395339069, guid: 08768c6c5a80e884a8eb2437c327dfde,
        type: 3}
      propertyPath: m_LocalRotation.w
      value: 0.7071068
      objectReference: {fileID: 0}
    - target: {fileID: 4661692229395339069, guid: 08768c6c5a80e884a8eb2437c327dfde,
        type: 3}
      propertyPath: m_RootOrder
      value: 26
      objectReference: {fileID: 0}
    - target: {fileID: 4661692229395339069, guid: 08768c6c5a80e884a8eb2437c327dfde,
        type: 3}
      propertyPath: m_LocalEulerAnglesHint.x
      value: -90.00001
      objectReference: {fileID: 0}
    - target: {fileID: 4661692229395339069, guid: 08768c6c5a80e884a8eb2437c327dfde,
        type: 3}
      propertyPath: m_LocalEulerAnglesHint.y
      value: 0
      objectReference: {fileID: 0}
    - target: {fileID: 4661692229395339069, guid: 08768c6c5a80e884a8eb2437c327dfde,
        type: 3}
      propertyPath: m_LocalEulerAnglesHint.z
      value: 0
      objectReference: {fileID: 0}
    - target: {fileID: 5474821126737530247, guid: 08768c6c5a80e884a8eb2437c327dfde,
        type: 3}
      propertyPath: m_Name
      value: side_wall_normal (3)
      objectReference: {fileID: 0}
    m_RemovedComponents: []
  m_SourcePrefab: {fileID: 100100000, guid: 08768c6c5a80e884a8eb2437c327dfde, type: 3}
--- !u!4 &6885412724363647901 stripped
Transform:
  m_CorrespondingSourceObject: {fileID: 4661692229395339069, guid: 08768c6c5a80e884a8eb2437c327dfde,
    type: 3}
  m_PrefabInstance: {fileID: 2250759702107950240}
  m_PrefabAsset: {fileID: 0}
--- !u!1001 &2308868293325087104
PrefabInstance:
  m_ObjectHideFlags: 0
  serializedVersion: 2
  m_Modification:
    m_TransformParent: {fileID: 2268478364286809744}
    m_Modifications:
    - target: {fileID: 2641235204623245620, guid: f3418a16f7d8b2a47a156369c638eecf,
        type: 3}
      propertyPath: m_Enabled
      value: 0
      objectReference: {fileID: 0}
    - target: {fileID: 6337556105142628791, guid: f3418a16f7d8b2a47a156369c638eecf,
        type: 3}
      propertyPath: m_Name
      value: corner_wall
      objectReference: {fileID: 0}
    - target: {fileID: 6681183642016951053, guid: f3418a16f7d8b2a47a156369c638eecf,
        type: 3}
      propertyPath: m_LocalPosition.x
      value: 1.9999981
      objectReference: {fileID: 0}
    - target: {fileID: 6681183642016951053, guid: f3418a16f7d8b2a47a156369c638eecf,
        type: 3}
      propertyPath: m_LocalPosition.y
      value: 0
      objectReference: {fileID: 0}
    - target: {fileID: 6681183642016951053, guid: f3418a16f7d8b2a47a156369c638eecf,
        type: 3}
      propertyPath: m_LocalPosition.z
      value: -2.5000005
      objectReference: {fileID: 0}
    - target: {fileID: 6681183642016951053, guid: f3418a16f7d8b2a47a156369c638eecf,
        type: 3}
      propertyPath: m_LocalRotation.x
      value: -0.7071068
      objectReference: {fileID: 0}
    - target: {fileID: 6681183642016951053, guid: f3418a16f7d8b2a47a156369c638eecf,
        type: 3}
      propertyPath: m_LocalRotation.y
      value: 0
      objectReference: {fileID: 0}
    - target: {fileID: 6681183642016951053, guid: f3418a16f7d8b2a47a156369c638eecf,
        type: 3}
      propertyPath: m_LocalRotation.z
      value: 0
      objectReference: {fileID: 0}
    - target: {fileID: 6681183642016951053, guid: f3418a16f7d8b2a47a156369c638eecf,
        type: 3}
      propertyPath: m_LocalRotation.w
      value: 0.7071068
      objectReference: {fileID: 0}
    - target: {fileID: 6681183642016951053, guid: f3418a16f7d8b2a47a156369c638eecf,
        type: 3}
      propertyPath: m_RootOrder
      value: 5
      objectReference: {fileID: 0}
    - target: {fileID: 6681183642016951053, guid: f3418a16f7d8b2a47a156369c638eecf,
        type: 3}
      propertyPath: m_LocalEulerAnglesHint.x
      value: -90
      objectReference: {fileID: 0}
    - target: {fileID: 6681183642016951053, guid: f3418a16f7d8b2a47a156369c638eecf,
        type: 3}
      propertyPath: m_LocalEulerAnglesHint.y
      value: 0
      objectReference: {fileID: 0}
    - target: {fileID: 6681183642016951053, guid: f3418a16f7d8b2a47a156369c638eecf,
        type: 3}
      propertyPath: m_LocalEulerAnglesHint.z
      value: 0
      objectReference: {fileID: 0}
    m_RemovedComponents: []
  m_SourcePrefab: {fileID: 100100000, guid: f3418a16f7d8b2a47a156369c638eecf, type: 3}
--- !u!4 &8985501927770933901 stripped
Transform:
  m_CorrespondingSourceObject: {fileID: 6681183642016951053, guid: f3418a16f7d8b2a47a156369c638eecf,
    type: 3}
  m_PrefabInstance: {fileID: 2308868293325087104}
  m_PrefabAsset: {fileID: 0}
--- !u!1001 &2624382507278686449
PrefabInstance:
  m_ObjectHideFlags: 0
  serializedVersion: 2
  m_Modification:
    m_TransformParent: {fileID: 2268478364286809744}
    m_Modifications:
    - target: {fileID: -6836220009338333298, guid: fda0bd79016772f4b91f3ac319307d1f,
        type: 3}
      propertyPath: m_Enabled
      value: 0
      objectReference: {fileID: 0}
    - target: {fileID: 8254826055859284828, guid: fda0bd79016772f4b91f3ac319307d1f,
        type: 3}
      propertyPath: m_Name
      value: central_wall_normal (6)
      objectReference: {fileID: 0}
    - target: {fileID: 8774375620144656870, guid: fda0bd79016772f4b91f3ac319307d1f,
        type: 3}
      propertyPath: m_LocalPosition.x
      value: 0.99999815
      objectReference: {fileID: 0}
    - target: {fileID: 8774375620144656870, guid: fda0bd79016772f4b91f3ac319307d1f,
        type: 3}
      propertyPath: m_LocalPosition.y
      value: 0
      objectReference: {fileID: 0}
    - target: {fileID: 8774375620144656870, guid: fda0bd79016772f4b91f3ac319307d1f,
        type: 3}
      propertyPath: m_LocalPosition.z
      value: -0.5000002
      objectReference: {fileID: 0}
    - target: {fileID: 8774375620144656870, guid: fda0bd79016772f4b91f3ac319307d1f,
        type: 3}
      propertyPath: m_LocalRotation.x
      value: -0.7071068
      objectReference: {fileID: 0}
    - target: {fileID: 8774375620144656870, guid: fda0bd79016772f4b91f3ac319307d1f,
        type: 3}
      propertyPath: m_LocalRotation.y
      value: 0
      objectReference: {fileID: 0}
    - target: {fileID: 8774375620144656870, guid: fda0bd79016772f4b91f3ac319307d1f,
        type: 3}
      propertyPath: m_LocalRotation.z
      value: 0
      objectReference: {fileID: 0}
    - target: {fileID: 8774375620144656870, guid: fda0bd79016772f4b91f3ac319307d1f,
        type: 3}
      propertyPath: m_LocalRotation.w
      value: 0.7071068
      objectReference: {fileID: 0}
    - target: {fileID: 8774375620144656870, guid: fda0bd79016772f4b91f3ac319307d1f,
        type: 3}
      propertyPath: m_RootOrder
      value: 25
      objectReference: {fileID: 0}
    - target: {fileID: 8774375620144656870, guid: fda0bd79016772f4b91f3ac319307d1f,
        type: 3}
      propertyPath: m_LocalEulerAnglesHint.x
      value: -90
      objectReference: {fileID: 0}
    - target: {fileID: 8774375620144656870, guid: fda0bd79016772f4b91f3ac319307d1f,
        type: 3}
      propertyPath: m_LocalEulerAnglesHint.y
      value: 0
      objectReference: {fileID: 0}
    - target: {fileID: 8774375620144656870, guid: fda0bd79016772f4b91f3ac319307d1f,
        type: 3}
      propertyPath: m_LocalEulerAnglesHint.z
      value: 0
      objectReference: {fileID: 0}
    m_RemovedComponents: []
  m_SourcePrefab: {fileID: 100100000, guid: fda0bd79016772f4b91f3ac319307d1f, type: 3}
--- !u!4 &6750743967384054039 stripped
Transform:
  m_CorrespondingSourceObject: {fileID: 8774375620144656870, guid: fda0bd79016772f4b91f3ac319307d1f,
    type: 3}
  m_PrefabInstance: {fileID: 2624382507278686449}
  m_PrefabAsset: {fileID: 0}
--- !u!1001 &2785875711323898552
PrefabInstance:
  m_ObjectHideFlags: 0
  serializedVersion: 2
  m_Modification:
    m_TransformParent: {fileID: 2268478364286809744}
    m_Modifications:
    - target: {fileID: 1421386343766627562, guid: 08768c6c5a80e884a8eb2437c327dfde,
        type: 3}
      propertyPath: m_Enabled
      value: 0
      objectReference: {fileID: 0}
    - target: {fileID: 4661692229395339069, guid: 08768c6c5a80e884a8eb2437c327dfde,
        type: 3}
      propertyPath: m_LocalPosition.x
      value: 1.9999986
      objectReference: {fileID: 0}
    - target: {fileID: 4661692229395339069, guid: 08768c6c5a80e884a8eb2437c327dfde,
        type: 3}
      propertyPath: m_LocalPosition.y
      value: 0
      objectReference: {fileID: 0}
    - target: {fileID: 4661692229395339069, guid: 08768c6c5a80e884a8eb2437c327dfde,
        type: 3}
      propertyPath: m_LocalPosition.z
      value: 1.5000005
      objectReference: {fileID: 0}
    - target: {fileID: 4661692229395339069, guid: 08768c6c5a80e884a8eb2437c327dfde,
        type: 3}
      propertyPath: m_LocalRotation.x
      value: -0.5
      objectReference: {fileID: 0}
    - target: {fileID: 4661692229395339069, guid: 08768c6c5a80e884a8eb2437c327dfde,
        type: 3}
      propertyPath: m_LocalRotation.y
      value: -0.5
      objectReference: {fileID: 0}
    - target: {fileID: 4661692229395339069, guid: 08768c6c5a80e884a8eb2437c327dfde,
        type: 3}
      propertyPath: m_LocalRotation.z
      value: -0.5
      objectReference: {fileID: 0}
    - target: {fileID: 4661692229395339069, guid: 08768c6c5a80e884a8eb2437c327dfde,
        type: 3}
      propertyPath: m_LocalRotation.w
      value: 0.5
      objectReference: {fileID: 0}
    - target: {fileID: 4661692229395339069, guid: 08768c6c5a80e884a8eb2437c327dfde,
        type: 3}
      propertyPath: m_RootOrder
      value: 1
      objectReference: {fileID: 0}
    - target: {fileID: 4661692229395339069, guid: 08768c6c5a80e884a8eb2437c327dfde,
        type: 3}
      propertyPath: m_LocalEulerAnglesHint.x
      value: -90
      objectReference: {fileID: 0}
    - target: {fileID: 4661692229395339069, guid: 08768c6c5a80e884a8eb2437c327dfde,
        type: 3}
      propertyPath: m_LocalEulerAnglesHint.y
      value: 0
      objectReference: {fileID: 0}
    - target: {fileID: 4661692229395339069, guid: 08768c6c5a80e884a8eb2437c327dfde,
        type: 3}
      propertyPath: m_LocalEulerAnglesHint.z
      value: -90
      objectReference: {fileID: 0}
    - target: {fileID: 5474821126737530247, guid: 08768c6c5a80e884a8eb2437c327dfde,
        type: 3}
      propertyPath: m_Name
      value: side_wall_normal
      objectReference: {fileID: 0}
    m_RemovedComponents: []
  m_SourcePrefab: {fileID: 100100000, guid: 08768c6c5a80e884a8eb2437c327dfde, type: 3}
--- !u!4 &7356844745187349893 stripped
Transform:
  m_CorrespondingSourceObject: {fileID: 4661692229395339069, guid: 08768c6c5a80e884a8eb2437c327dfde,
    type: 3}
  m_PrefabInstance: {fileID: 2785875711323898552}
  m_PrefabAsset: {fileID: 0}
--- !u!1001 &3342190310698655119
PrefabInstance:
  m_ObjectHideFlags: 0
  serializedVersion: 2
  m_Modification:
    m_TransformParent: {fileID: 2268478364286809744}
    m_Modifications:
    - target: {fileID: -6836220009338333298, guid: fda0bd79016772f4b91f3ac319307d1f,
        type: 3}
      propertyPath: m_Enabled
      value: 0
      objectReference: {fileID: 0}
    - target: {fileID: 8254826055859284828, guid: fda0bd79016772f4b91f3ac319307d1f,
        type: 3}
      propertyPath: m_Name
      value: central_wall_normal (8)
      objectReference: {fileID: 0}
    - target: {fileID: 8774375620144656870, guid: fda0bd79016772f4b91f3ac319307d1f,
        type: 3}
      propertyPath: m_LocalPosition.x
      value: 0.9999983
      objectReference: {fileID: 0}
    - target: {fileID: 8774375620144656870, guid: fda0bd79016772f4b91f3ac319307d1f,
        type: 3}
      propertyPath: m_LocalPosition.y
      value: 0
      objectReference: {fileID: 0}
    - target: {fileID: 8774375620144656870, guid: fda0bd79016772f4b91f3ac319307d1f,
        type: 3}
      propertyPath: m_LocalPosition.z
      value: 0.49999988
      objectReference: {fileID: 0}
    - target: {fileID: 8774375620144656870, guid: fda0bd79016772f4b91f3ac319307d1f,
        type: 3}
      propertyPath: m_LocalRotation.x
      value: -0.7071068
      objectReference: {fileID: 0}
    - target: {fileID: 8774375620144656870, guid: fda0bd79016772f4b91f3ac319307d1f,
        type: 3}
      propertyPath: m_LocalRotation.y
      value: 0
      objectReference: {fileID: 0}
    - target: {fileID: 8774375620144656870, guid: fda0bd79016772f4b91f3ac319307d1f,
        type: 3}
      propertyPath: m_LocalRotation.z
      value: 0
      objectReference: {fileID: 0}
    - target: {fileID: 8774375620144656870, guid: fda0bd79016772f4b91f3ac319307d1f,
        type: 3}
      propertyPath: m_LocalRotation.w
      value: 0.7071068
      objectReference: {fileID: 0}
    - target: {fileID: 8774375620144656870, guid: fda0bd79016772f4b91f3ac319307d1f,
        type: 3}
      propertyPath: m_RootOrder
      value: 29
      objectReference: {fileID: 0}
    - target: {fileID: 8774375620144656870, guid: fda0bd79016772f4b91f3ac319307d1f,
        type: 3}
      propertyPath: m_LocalEulerAnglesHint.x
      value: -90
      objectReference: {fileID: 0}
    - target: {fileID: 8774375620144656870, guid: fda0bd79016772f4b91f3ac319307d1f,
        type: 3}
      propertyPath: m_LocalEulerAnglesHint.y
      value: 0
      objectReference: {fileID: 0}
    - target: {fileID: 8774375620144656870, guid: fda0bd79016772f4b91f3ac319307d1f,
        type: 3}
      propertyPath: m_LocalEulerAnglesHint.z
      value: 0
      objectReference: {fileID: 0}
    m_RemovedComponents: []
  m_SourcePrefab: {fileID: 100100000, guid: fda0bd79016772f4b91f3ac319307d1f, type: 3}
--- !u!4 &6315454336132705385 stripped
Transform:
  m_CorrespondingSourceObject: {fileID: 8774375620144656870, guid: fda0bd79016772f4b91f3ac319307d1f,
    type: 3}
  m_PrefabInstance: {fileID: 3342190310698655119}
  m_PrefabAsset: {fileID: 0}
--- !u!1001 &3454739863233860174
PrefabInstance:
  m_ObjectHideFlags: 0
  serializedVersion: 2
  m_Modification:
    m_TransformParent: {fileID: 2268478364286809744}
    m_Modifications:
    - target: {fileID: -6836220009338333298, guid: fda0bd79016772f4b91f3ac319307d1f,
        type: 3}
      propertyPath: m_Enabled
      value: 0
      objectReference: {fileID: 0}
    - target: {fileID: 8254826055859284828, guid: fda0bd79016772f4b91f3ac319307d1f,
        type: 3}
      propertyPath: m_Name
      value: central_wall_normal
      objectReference: {fileID: 0}
    - target: {fileID: 8774375620144656870, guid: fda0bd79016772f4b91f3ac319307d1f,
        type: 3}
      propertyPath: m_LocalPosition.x
      value: -1.0000018
      objectReference: {fileID: 0}
    - target: {fileID: 8774375620144656870, guid: fda0bd79016772f4b91f3ac319307d1f,
        type: 3}
      propertyPath: m_LocalPosition.y
      value: 0
      objectReference: {fileID: 0}
    - target: {fileID: 8774375620144656870, guid: fda0bd79016772f4b91f3ac319307d1f,
        type: 3}
      propertyPath: m_LocalPosition.z
      value: -1.5000001
      objectReference: {fileID: 0}
    - target: {fileID: 8774375620144656870, guid: fda0bd79016772f4b91f3ac319307d1f,
        type: 3}
      propertyPath: m_LocalRotation.x
      value: -0.7071068
      objectReference: {fileID: 0}
    - target: {fileID: 8774375620144656870, guid: fda0bd79016772f4b91f3ac319307d1f,
        type: 3}
      propertyPath: m_LocalRotation.y
      value: 0
      objectReference: {fileID: 0}
    - target: {fileID: 8774375620144656870, guid: fda0bd79016772f4b91f3ac319307d1f,
        type: 3}
      propertyPath: m_LocalRotation.z
      value: 0
      objectReference: {fileID: 0}
    - target: {fileID: 8774375620144656870, guid: fda0bd79016772f4b91f3ac319307d1f,
        type: 3}
      propertyPath: m_LocalRotation.w
      value: 0.7071068
      objectReference: {fileID: 0}
    - target: {fileID: 8774375620144656870, guid: fda0bd79016772f4b91f3ac319307d1f,
        type: 3}
      propertyPath: m_RootOrder
      value: 0
      objectReference: {fileID: 0}
    - target: {fileID: 8774375620144656870, guid: fda0bd79016772f4b91f3ac319307d1f,
        type: 3}
      propertyPath: m_LocalEulerAnglesHint.x
      value: -90
      objectReference: {fileID: 0}
    - target: {fileID: 8774375620144656870, guid: fda0bd79016772f4b91f3ac319307d1f,
        type: 3}
      propertyPath: m_LocalEulerAnglesHint.y
      value: 0
      objectReference: {fileID: 0}
    - target: {fileID: 8774375620144656870, guid: fda0bd79016772f4b91f3ac319307d1f,
        type: 3}
      propertyPath: m_LocalEulerAnglesHint.z
      value: 0
      objectReference: {fileID: 0}
    m_RemovedComponents: []
  m_SourcePrefab: {fileID: 100100000, guid: fda0bd79016772f4b91f3ac319307d1f, type: 3}
--- !u!4 &6211989704682660776 stripped
Transform:
  m_CorrespondingSourceObject: {fileID: 8774375620144656870, guid: fda0bd79016772f4b91f3ac319307d1f,
    type: 3}
  m_PrefabInstance: {fileID: 3454739863233860174}
  m_PrefabAsset: {fileID: 0}
--- !u!1001 &3629464279798304089
PrefabInstance:
  m_ObjectHideFlags: 0
  serializedVersion: 2
  m_Modification:
    m_TransformParent: {fileID: 2268478364286809744}
    m_Modifications:
    - target: {fileID: -6836220009338333298, guid: fda0bd79016772f4b91f3ac319307d1f,
        type: 3}
      propertyPath: m_Enabled
      value: 0
      objectReference: {fileID: 0}
    - target: {fileID: 8254826055859284828, guid: fda0bd79016772f4b91f3ac319307d1f,
        type: 3}
      propertyPath: m_Name
      value: central_wall_normal (2)
      objectReference: {fileID: 0}
    - target: {fileID: 8774375620144656870, guid: fda0bd79016772f4b91f3ac319307d1f,
        type: 3}
      propertyPath: m_LocalPosition.x
      value: -0.0000019669535
      objectReference: {fileID: 0}
    - target: {fileID: 8774375620144656870, guid: fda0bd79016772f4b91f3ac319307d1f,
        type: 3}
      propertyPath: m_LocalPosition.y
      value: 0
      objectReference: {fileID: 0}
    - target: {fileID: 8774375620144656870, guid: fda0bd79016772f4b91f3ac319307d1f,
        type: 3}
      propertyPath: m_LocalPosition.z
      value: -0.50000006
      objectReference: {fileID: 0}
    - target: {fileID: 8774375620144656870, guid: fda0bd79016772f4b91f3ac319307d1f,
        type: 3}
      propertyPath: m_LocalRotation.x
      value: -0.7071068
      objectReference: {fileID: 0}
    - target: {fileID: 8774375620144656870, guid: fda0bd79016772f4b91f3ac319307d1f,
        type: 3}
      propertyPath: m_LocalRotation.y
      value: 0
      objectReference: {fileID: 0}
    - target: {fileID: 8774375620144656870, guid: fda0bd79016772f4b91f3ac319307d1f,
        type: 3}
      propertyPath: m_LocalRotation.z
      value: 0
      objectReference: {fileID: 0}
    - target: {fileID: 8774375620144656870, guid: fda0bd79016772f4b91f3ac319307d1f,
        type: 3}
      propertyPath: m_LocalRotation.w
      value: 0.7071068
      objectReference: {fileID: 0}
    - target: {fileID: 8774375620144656870, guid: fda0bd79016772f4b91f3ac319307d1f,
        type: 3}
      propertyPath: m_RootOrder
      value: 19
      objectReference: {fileID: 0}
    - target: {fileID: 8774375620144656870, guid: fda0bd79016772f4b91f3ac319307d1f,
        type: 3}
      propertyPath: m_LocalEulerAnglesHint.x
      value: -90
      objectReference: {fileID: 0}
    - target: {fileID: 8774375620144656870, guid: fda0bd79016772f4b91f3ac319307d1f,
        type: 3}
      propertyPath: m_LocalEulerAnglesHint.y
      value: 0
      objectReference: {fileID: 0}
    - target: {fileID: 8774375620144656870, guid: fda0bd79016772f4b91f3ac319307d1f,
        type: 3}
      propertyPath: m_LocalEulerAnglesHint.z
      value: 0
      objectReference: {fileID: 0}
    m_RemovedComponents: []
  m_SourcePrefab: {fileID: 100100000, guid: fda0bd79016772f4b91f3ac319307d1f, type: 3}
--- !u!4 &5447854351459105983 stripped
Transform:
  m_CorrespondingSourceObject: {fileID: 8774375620144656870, guid: fda0bd79016772f4b91f3ac319307d1f,
    type: 3}
  m_PrefabInstance: {fileID: 3629464279798304089}
  m_PrefabAsset: {fileID: 0}
--- !u!1001 &3774362646396481637
PrefabInstance:
  m_ObjectHideFlags: 0
  serializedVersion: 2
  m_Modification:
    m_TransformParent: {fileID: 2268478364286809744}
    m_Modifications:
    - target: {fileID: 1421386343766627562, guid: 08768c6c5a80e884a8eb2437c327dfde,
        type: 3}
      propertyPath: m_Enabled
      value: 0
      objectReference: {fileID: 0}
    - target: {fileID: 4661692229395339069, guid: 08768c6c5a80e884a8eb2437c327dfde,
        type: 3}
      propertyPath: m_LocalPosition.x
      value: 1.9999983
      objectReference: {fileID: 0}
    - target: {fileID: 4661692229395339069, guid: 08768c6c5a80e884a8eb2437c327dfde,
        type: 3}
      propertyPath: m_LocalPosition.y
      value: 0
      objectReference: {fileID: 0}
    - target: {fileID: 4661692229395339069, guid: 08768c6c5a80e884a8eb2437c327dfde,
        type: 3}
      propertyPath: m_LocalPosition.z
      value: 0.50000024
      objectReference: {fileID: 0}
    - target: {fileID: 4661692229395339069, guid: 08768c6c5a80e884a8eb2437c327dfde,
        type: 3}
      propertyPath: m_LocalRotation.x
      value: -0.5
      objectReference: {fileID: 0}
    - target: {fileID: 4661692229395339069, guid: 08768c6c5a80e884a8eb2437c327dfde,
        type: 3}
      propertyPath: m_LocalRotation.y
      value: -0.5
      objectReference: {fileID: 0}
    - target: {fileID: 4661692229395339069, guid: 08768c6c5a80e884a8eb2437c327dfde,
        type: 3}
      propertyPath: m_LocalRotation.z
      value: -0.5
      objectReference: {fileID: 0}
    - target: {fileID: 4661692229395339069, guid: 08768c6c5a80e884a8eb2437c327dfde,
        type: 3}
      propertyPath: m_LocalRotation.w
      value: 0.5
      objectReference: {fileID: 0}
    - target: {fileID: 4661692229395339069, guid: 08768c6c5a80e884a8eb2437c327dfde,
        type: 3}
      propertyPath: m_RootOrder
      value: 8
      objectReference: {fileID: 0}
    - target: {fileID: 4661692229395339069, guid: 08768c6c5a80e884a8eb2437c327dfde,
        type: 3}
      propertyPath: m_LocalEulerAnglesHint.x
      value: -90
      objectReference: {fileID: 0}
    - target: {fileID: 4661692229395339069, guid: 08768c6c5a80e884a8eb2437c327dfde,
        type: 3}
      propertyPath: m_LocalEulerAnglesHint.y
      value: 0
      objectReference: {fileID: 0}
    - target: {fileID: 4661692229395339069, guid: 08768c6c5a80e884a8eb2437c327dfde,
        type: 3}
      propertyPath: m_LocalEulerAnglesHint.z
      value: -90
      objectReference: {fileID: 0}
    - target: {fileID: 5474821126737530247, guid: 08768c6c5a80e884a8eb2437c327dfde,
        type: 3}
      propertyPath: m_Name
      value: side_wall_normal
      objectReference: {fileID: 0}
    m_RemovedComponents: []
  m_SourcePrefab: {fileID: 100100000, guid: 08768c6c5a80e884a8eb2437c327dfde, type: 3}
--- !u!4 &8417389014452660056 stripped
Transform:
  m_CorrespondingSourceObject: {fileID: 4661692229395339069, guid: 08768c6c5a80e884a8eb2437c327dfde,
    type: 3}
  m_PrefabInstance: {fileID: 3774362646396481637}
  m_PrefabAsset: {fileID: 0}
--- !u!1001 &4384026698744055434
PrefabInstance:
  m_ObjectHideFlags: 0
  serializedVersion: 2
  m_Modification:
    m_TransformParent: {fileID: 2268478364286809744}
    m_Modifications:
    - target: {fileID: -6836220009338333298, guid: fda0bd79016772f4b91f3ac319307d1f,
        type: 3}
      propertyPath: m_Enabled
      value: 0
      objectReference: {fileID: 0}
    - target: {fileID: 8254826055859284828, guid: fda0bd79016772f4b91f3ac319307d1f,
        type: 3}
      propertyPath: m_Name
      value: central_wall_normal
      objectReference: {fileID: 0}
    - target: {fileID: 8774375620144656870, guid: fda0bd79016772f4b91f3ac319307d1f,
        type: 3}
      propertyPath: m_LocalPosition.x
      value: -1.0000017
      objectReference: {fileID: 0}
    - target: {fileID: 8774375620144656870, guid: fda0bd79016772f4b91f3ac319307d1f,
        type: 3}
      propertyPath: m_LocalPosition.y
      value: 0
      objectReference: {fileID: 0}
    - target: {fileID: 8774375620144656870, guid: fda0bd79016772f4b91f3ac319307d1f,
        type: 3}
      propertyPath: m_LocalPosition.z
      value: -0.49999988
      objectReference: {fileID: 0}
    - target: {fileID: 8774375620144656870, guid: fda0bd79016772f4b91f3ac319307d1f,
        type: 3}
      propertyPath: m_LocalRotation.x
      value: -0.7071068
      objectReference: {fileID: 0}
    - target: {fileID: 8774375620144656870, guid: fda0bd79016772f4b91f3ac319307d1f,
        type: 3}
      propertyPath: m_LocalRotation.y
      value: 0
      objectReference: {fileID: 0}
    - target: {fileID: 8774375620144656870, guid: fda0bd79016772f4b91f3ac319307d1f,
        type: 3}
      propertyPath: m_LocalRotation.z
      value: 0
      objectReference: {fileID: 0}
    - target: {fileID: 8774375620144656870, guid: fda0bd79016772f4b91f3ac319307d1f,
        type: 3}
      propertyPath: m_LocalRotation.w
      value: 0.7071068
      objectReference: {fileID: 0}
    - target: {fileID: 8774375620144656870, guid: fda0bd79016772f4b91f3ac319307d1f,
        type: 3}
      propertyPath: m_RootOrder
      value: 3
      objectReference: {fileID: 0}
    - target: {fileID: 8774375620144656870, guid: fda0bd79016772f4b91f3ac319307d1f,
        type: 3}
      propertyPath: m_LocalEulerAnglesHint.x
      value: -90
      objectReference: {fileID: 0}
    - target: {fileID: 8774375620144656870, guid: fda0bd79016772f4b91f3ac319307d1f,
        type: 3}
      propertyPath: m_LocalEulerAnglesHint.y
      value: 0
      objectReference: {fileID: 0}
    - target: {fileID: 8774375620144656870, guid: fda0bd79016772f4b91f3ac319307d1f,
        type: 3}
      propertyPath: m_LocalEulerAnglesHint.z
      value: 0
      objectReference: {fileID: 0}
    m_RemovedComponents: []
  m_SourcePrefab: {fileID: 100100000, guid: fda0bd79016772f4b91f3ac319307d1f, type: 3}
--- !u!4 &4977578394215921516 stripped
Transform:
  m_CorrespondingSourceObject: {fileID: 8774375620144656870, guid: fda0bd79016772f4b91f3ac319307d1f,
    type: 3}
  m_PrefabInstance: {fileID: 4384026698744055434}
  m_PrefabAsset: {fileID: 0}
--- !u!1001 &4405157525026426780
PrefabInstance:
  m_ObjectHideFlags: 0
  serializedVersion: 2
  m_Modification:
    m_TransformParent: {fileID: 2268478364286809744}
    m_Modifications:
    - target: {fileID: 1421386343766627562, guid: 08768c6c5a80e884a8eb2437c327dfde,
        type: 3}
      propertyPath: m_Enabled
      value: 0
      objectReference: {fileID: 0}
    - target: {fileID: 4661692229395339069, guid: 08768c6c5a80e884a8eb2437c327dfde,
        type: 3}
      propertyPath: m_LocalPosition.x
      value: -2.0000021
      objectReference: {fileID: 0}
    - target: {fileID: 4661692229395339069, guid: 08768c6c5a80e884a8eb2437c327dfde,
        type: 3}
      propertyPath: m_LocalPosition.y
      value: 0
      objectReference: {fileID: 0}
    - target: {fileID: 4661692229395339069, guid: 08768c6c5a80e884a8eb2437c327dfde,
        type: 3}
      propertyPath: m_LocalPosition.z
      value: -0.50000024
      objectReference: {fileID: 0}
    - target: {fileID: 4661692229395339069, guid: 08768c6c5a80e884a8eb2437c327dfde,
        type: 3}
      propertyPath: m_LocalRotation.x
      value: -0.5
      objectReference: {fileID: 0}
    - target: {fileID: 4661692229395339069, guid: 08768c6c5a80e884a8eb2437c327dfde,
        type: 3}
      propertyPath: m_LocalRotation.y
      value: 0.5
      objectReference: {fileID: 0}
    - target: {fileID: 4661692229395339069, guid: 08768c6c5a80e884a8eb2437c327dfde,
        type: 3}
      propertyPath: m_LocalRotation.z
      value: 0.5
      objectReference: {fileID: 0}
    - target: {fileID: 4661692229395339069, guid: 08768c6c5a80e884a8eb2437c327dfde,
        type: 3}
      propertyPath: m_LocalRotation.w
      value: 0.5
      objectReference: {fileID: 0}
    - target: {fileID: 4661692229395339069, guid: 08768c6c5a80e884a8eb2437c327dfde,
        type: 3}
      propertyPath: m_RootOrder
      value: 4
      objectReference: {fileID: 0}
    - target: {fileID: 4661692229395339069, guid: 08768c6c5a80e884a8eb2437c327dfde,
        type: 3}
      propertyPath: m_LocalEulerAnglesHint.x
      value: -90.00001
      objectReference: {fileID: 0}
    - target: {fileID: 4661692229395339069, guid: 08768c6c5a80e884a8eb2437c327dfde,
        type: 3}
      propertyPath: m_LocalEulerAnglesHint.y
      value: 0
      objectReference: {fileID: 0}
    - target: {fileID: 4661692229395339069, guid: 08768c6c5a80e884a8eb2437c327dfde,
        type: 3}
      propertyPath: m_LocalEulerAnglesHint.z
      value: 90
      objectReference: {fileID: 0}
    - target: {fileID: 5474821126737530247, guid: 08768c6c5a80e884a8eb2437c327dfde,
        type: 3}
      propertyPath: m_Name
      value: side_wall_normal
      objectReference: {fileID: 0}
    m_RemovedComponents: []
  m_SourcePrefab: {fileID: 100100000, guid: 08768c6c5a80e884a8eb2437c327dfde, type: 3}
--- !u!4 &9048834529121802401 stripped
Transform:
  m_CorrespondingSourceObject: {fileID: 4661692229395339069, guid: 08768c6c5a80e884a8eb2437c327dfde,
    type: 3}
  m_PrefabInstance: {fileID: 4405157525026426780}
  m_PrefabAsset: {fileID: 0}
--- !u!1001 &4459952854895688173
PrefabInstance:
  m_ObjectHideFlags: 0
  serializedVersion: 2
  m_Modification:
    m_TransformParent: {fileID: 2268478364286809744}
    m_Modifications:
    - target: {fileID: -6836220009338333298, guid: fda0bd79016772f4b91f3ac319307d1f,
        type: 3}
      propertyPath: m_Enabled
      value: 0
      objectReference: {fileID: 0}
    - target: {fileID: 8254826055859284828, guid: fda0bd79016772f4b91f3ac319307d1f,
        type: 3}
      propertyPath: m_Name
      value: central_wall_normal (7)
      objectReference: {fileID: 0}
    - target: {fileID: 8774375620144656870, guid: fda0bd79016772f4b91f3ac319307d1f,
        type: 3}
      propertyPath: m_LocalPosition.x
      value: 0.99999845
      objectReference: {fileID: 0}
    - target: {fileID: 8774375620144656870, guid: fda0bd79016772f4b91f3ac319307d1f,
        type: 3}
      propertyPath: m_LocalPosition.y
      value: 0
      objectReference: {fileID: 0}
    - target: {fileID: 8774375620144656870, guid: fda0bd79016772f4b91f3ac319307d1f,
        type: 3}
      propertyPath: m_LocalPosition.z
      value: 1.5000006
      objectReference: {fileID: 0}
    - target: {fileID: 8774375620144656870, guid: fda0bd79016772f4b91f3ac319307d1f,
        type: 3}
      propertyPath: m_LocalRotation.x
      value: -0.7071068
      objectReference: {fileID: 0}
    - target: {fileID: 8774375620144656870, guid: fda0bd79016772f4b91f3ac319307d1f,
        type: 3}
      propertyPath: m_LocalRotation.y
      value: 0
      objectReference: {fileID: 0}
    - target: {fileID: 8774375620144656870, guid: fda0bd79016772f4b91f3ac319307d1f,
        type: 3}
      propertyPath: m_LocalRotation.z
      value: 0
      objectReference: {fileID: 0}
    - target: {fileID: 8774375620144656870, guid: fda0bd79016772f4b91f3ac319307d1f,
        type: 3}
      propertyPath: m_LocalRotation.w
      value: 0.7071068
      objectReference: {fileID: 0}
    - target: {fileID: 8774375620144656870, guid: fda0bd79016772f4b91f3ac319307d1f,
        type: 3}
      propertyPath: m_RootOrder
      value: 28
      objectReference: {fileID: 0}
    - target: {fileID: 8774375620144656870, guid: fda0bd79016772f4b91f3ac319307d1f,
        type: 3}
      propertyPath: m_LocalEulerAnglesHint.x
      value: -90
      objectReference: {fileID: 0}
    - target: {fileID: 8774375620144656870, guid: fda0bd79016772f4b91f3ac319307d1f,
        type: 3}
      propertyPath: m_LocalEulerAnglesHint.y
      value: 0
      objectReference: {fileID: 0}
    - target: {fileID: 8774375620144656870, guid: fda0bd79016772f4b91f3ac319307d1f,
        type: 3}
      propertyPath: m_LocalEulerAnglesHint.z
      value: 0
      objectReference: {fileID: 0}
    m_RemovedComponents: []
  m_SourcePrefab: {fileID: 100100000, guid: fda0bd79016772f4b91f3ac319307d1f, type: 3}
--- !u!4 &4908984473176639499 stripped
Transform:
  m_CorrespondingSourceObject: {fileID: 8774375620144656870, guid: fda0bd79016772f4b91f3ac319307d1f,
    type: 3}
  m_PrefabInstance: {fileID: 4459952854895688173}
  m_PrefabAsset: {fileID: 0}
--- !u!1001 &4498112066783776879
PrefabInstance:
  m_ObjectHideFlags: 0
  serializedVersion: 2
  m_Modification:
    m_TransformParent: {fileID: 2268478364286809744}
    m_Modifications:
    - target: {fileID: 1421386343766627562, guid: 08768c6c5a80e884a8eb2437c327dfde,
        type: 3}
      propertyPath: m_Enabled
      value: 0
      objectReference: {fileID: 0}
    - target: {fileID: 4661692229395339069, guid: 08768c6c5a80e884a8eb2437c327dfde,
        type: 3}
      propertyPath: m_LocalPosition.x
      value: -2.0000021
      objectReference: {fileID: 0}
    - target: {fileID: 4661692229395339069, guid: 08768c6c5a80e884a8eb2437c327dfde,
        type: 3}
      propertyPath: m_LocalPosition.y
      value: 0
      objectReference: {fileID: 0}
    - target: {fileID: 4661692229395339069, guid: 08768c6c5a80e884a8eb2437c327dfde,
        type: 3}
      propertyPath: m_LocalPosition.z
      value: 0.50000024
      objectReference: {fileID: 0}
    - target: {fileID: 4661692229395339069, guid: 08768c6c5a80e884a8eb2437c327dfde,
        type: 3}
      propertyPath: m_LocalRotation.x
      value: -0.5
      objectReference: {fileID: 0}
    - target: {fileID: 4661692229395339069, guid: 08768c6c5a80e884a8eb2437c327dfde,
        type: 3}
      propertyPath: m_LocalRotation.y
      value: 0.5
      objectReference: {fileID: 0}
    - target: {fileID: 4661692229395339069, guid: 08768c6c5a80e884a8eb2437c327dfde,
        type: 3}
      propertyPath: m_LocalRotation.z
      value: 0.5
      objectReference: {fileID: 0}
    - target: {fileID: 4661692229395339069, guid: 08768c6c5a80e884a8eb2437c327dfde,
        type: 3}
      propertyPath: m_LocalRotation.w
      value: 0.5
      objectReference: {fileID: 0}
    - target: {fileID: 4661692229395339069, guid: 08768c6c5a80e884a8eb2437c327dfde,
        type: 3}
      propertyPath: m_RootOrder
      value: 2
      objectReference: {fileID: 0}
    - target: {fileID: 4661692229395339069, guid: 08768c6c5a80e884a8eb2437c327dfde,
        type: 3}
      propertyPath: m_LocalEulerAnglesHint.x
      value: -90.00001
      objectReference: {fileID: 0}
    - target: {fileID: 4661692229395339069, guid: 08768c6c5a80e884a8eb2437c327dfde,
        type: 3}
      propertyPath: m_LocalEulerAnglesHint.y
      value: 0
      objectReference: {fileID: 0}
    - target: {fileID: 4661692229395339069, guid: 08768c6c5a80e884a8eb2437c327dfde,
        type: 3}
      propertyPath: m_LocalEulerAnglesHint.z
      value: 90
      objectReference: {fileID: 0}
    - target: {fileID: 5474821126737530247, guid: 08768c6c5a80e884a8eb2437c327dfde,
        type: 3}
      propertyPath: m_Name
      value: side_wall_normal
      objectReference: {fileID: 0}
    m_RemovedComponents: []
  m_SourcePrefab: {fileID: 100100000, guid: 08768c6c5a80e884a8eb2437c327dfde, type: 3}
--- !u!4 &9141508405243234130 stripped
Transform:
  m_CorrespondingSourceObject: {fileID: 4661692229395339069, guid: 08768c6c5a80e884a8eb2437c327dfde,
    type: 3}
  m_PrefabInstance: {fileID: 4498112066783776879}
  m_PrefabAsset: {fileID: 0}
--- !u!1001 &5204968569612845298
PrefabInstance:
  m_ObjectHideFlags: 0
  serializedVersion: 2
  m_Modification:
    m_TransformParent: {fileID: 2268478364286809744}
    m_Modifications:
    - target: {fileID: -6836220009338333298, guid: fda0bd79016772f4b91f3ac319307d1f,
        type: 3}
      propertyPath: m_Enabled
      value: 0
      objectReference: {fileID: 0}
    - target: {fileID: 8254826055859284828, guid: fda0bd79016772f4b91f3ac319307d1f,
        type: 3}
      propertyPath: m_Name
      value: central_wall_normal (3)
      objectReference: {fileID: 0}
    - target: {fileID: 8774375620144656870, guid: fda0bd79016772f4b91f3ac319307d1f,
        type: 3}
      propertyPath: m_LocalPosition.x
      value: -0.0000016689303
      objectReference: {fileID: 0}
    - target: {fileID: 8774375620144656870, guid: fda0bd79016772f4b91f3ac319307d1f,
        type: 3}
      propertyPath: m_LocalPosition.y
      value: 0
      objectReference: {fileID: 0}
    - target: {fileID: 8774375620144656870, guid: fda0bd79016772f4b91f3ac319307d1f,
        type: 3}
      propertyPath: m_LocalPosition.z
      value: 1.5000002
      objectReference: {fileID: 0}
    - target: {fileID: 8774375620144656870, guid: fda0bd79016772f4b91f3ac319307d1f,
        type: 3}
      propertyPath: m_LocalRotation.x
      value: -0.7071068
      objectReference: {fileID: 0}
    - target: {fileID: 8774375620144656870, guid: fda0bd79016772f4b91f3ac319307d1f,
        type: 3}
      propertyPath: m_LocalRotation.y
      value: 0
      objectReference: {fileID: 0}
    - target: {fileID: 8774375620144656870, guid: fda0bd79016772f4b91f3ac319307d1f,
        type: 3}
      propertyPath: m_LocalRotation.z
      value: 0
      objectReference: {fileID: 0}
    - target: {fileID: 8774375620144656870, guid: fda0bd79016772f4b91f3ac319307d1f,
        type: 3}
      propertyPath: m_LocalRotation.w
      value: 0.7071068
      objectReference: {fileID: 0}
    - target: {fileID: 8774375620144656870, guid: fda0bd79016772f4b91f3ac319307d1f,
        type: 3}
      propertyPath: m_RootOrder
      value: 22
      objectReference: {fileID: 0}
    - target: {fileID: 8774375620144656870, guid: fda0bd79016772f4b91f3ac319307d1f,
        type: 3}
      propertyPath: m_LocalEulerAnglesHint.x
      value: -90
      objectReference: {fileID: 0}
    - target: {fileID: 8774375620144656870, guid: fda0bd79016772f4b91f3ac319307d1f,
        type: 3}
      propertyPath: m_LocalEulerAnglesHint.y
      value: 0
      objectReference: {fileID: 0}
    - target: {fileID: 8774375620144656870, guid: fda0bd79016772f4b91f3ac319307d1f,
        type: 3}
      propertyPath: m_LocalEulerAnglesHint.z
      value: 0
      objectReference: {fileID: 0}
    m_RemovedComponents: []
  m_SourcePrefab: {fileID: 100100000, guid: fda0bd79016772f4b91f3ac319307d1f, type: 3}
--- !u!4 &3602628416484487444 stripped
Transform:
  m_CorrespondingSourceObject: {fileID: 8774375620144656870, guid: fda0bd79016772f4b91f3ac319307d1f,
    type: 3}
  m_PrefabInstance: {fileID: 5204968569612845298}
  m_PrefabAsset: {fileID: 0}
--- !u!1001 &5266281512176449134
PrefabInstance:
  m_ObjectHideFlags: 0
  serializedVersion: 2
  m_Modification:
    m_TransformParent: {fileID: 2268478364286809744}
    m_Modifications:
    - target: {fileID: 2641235204623245620, guid: f3418a16f7d8b2a47a156369c638eecf,
        type: 3}
      propertyPath: m_Enabled
      value: 0
      objectReference: {fileID: 0}
    - target: {fileID: 6337556105142628791, guid: f3418a16f7d8b2a47a156369c638eecf,
        type: 3}
      propertyPath: m_Name
      value: corner_wall
      objectReference: {fileID: 0}
    - target: {fileID: 6681183642016951053, guid: f3418a16f7d8b2a47a156369c638eecf,
        type: 3}
      propertyPath: m_LocalPosition.x
      value: 1.9999986
      objectReference: {fileID: 0}
    - target: {fileID: 6681183642016951053, guid: f3418a16f7d8b2a47a156369c638eecf,
        type: 3}
      propertyPath: m_LocalPosition.y
      value: 0
      objectReference: {fileID: 0}
    - target: {fileID: 6681183642016951053, guid: f3418a16f7d8b2a47a156369c638eecf,
        type: 3}
      propertyPath: m_LocalPosition.z
      value: 2.5000007
      objectReference: {fileID: 0}
    - target: {fileID: 6681183642016951053, guid: f3418a16f7d8b2a47a156369c638eecf,
        type: 3}
      propertyPath: m_LocalRotation.x
      value: -0.5
      objectReference: {fileID: 0}
    - target: {fileID: 6681183642016951053, guid: f3418a16f7d8b2a47a156369c638eecf,
        type: 3}
      propertyPath: m_LocalRotation.y
      value: -0.5
      objectReference: {fileID: 0}
    - target: {fileID: 6681183642016951053, guid: f3418a16f7d8b2a47a156369c638eecf,
        type: 3}
      propertyPath: m_LocalRotation.z
      value: -0.5
      objectReference: {fileID: 0}
    - target: {fileID: 6681183642016951053, guid: f3418a16f7d8b2a47a156369c638eecf,
        type: 3}
      propertyPath: m_LocalRotation.w
      value: 0.5
      objectReference: {fileID: 0}
    - target: {fileID: 6681183642016951053, guid: f3418a16f7d8b2a47a156369c638eecf,
        type: 3}
      propertyPath: m_RootOrder
      value: 13
      objectReference: {fileID: 0}
    - target: {fileID: 6681183642016951053, guid: f3418a16f7d8b2a47a156369c638eecf,
        type: 3}
      propertyPath: m_LocalEulerAnglesHint.x
      value: -90
      objectReference: {fileID: 0}
    - target: {fileID: 6681183642016951053, guid: f3418a16f7d8b2a47a156369c638eecf,
        type: 3}
      propertyPath: m_LocalEulerAnglesHint.y
      value: 0
      objectReference: {fileID: 0}
    - target: {fileID: 6681183642016951053, guid: f3418a16f7d8b2a47a156369c638eecf,
        type: 3}
      propertyPath: m_LocalEulerAnglesHint.z
      value: -90
      objectReference: {fileID: 0}
    m_RemovedComponents: []
  m_SourcePrefab: {fileID: 100100000, guid: f3418a16f7d8b2a47a156369c638eecf, type: 3}
--- !u!4 &1562118215598464355 stripped
Transform:
  m_CorrespondingSourceObject: {fileID: 6681183642016951053, guid: f3418a16f7d8b2a47a156369c638eecf,
    type: 3}
  m_PrefabInstance: {fileID: 5266281512176449134}
  m_PrefabAsset: {fileID: 0}
--- !u!1001 &5821589863431125556
PrefabInstance:
  m_ObjectHideFlags: 0
  serializedVersion: 2
  m_Modification:
    m_TransformParent: {fileID: 2268478364286809744}
    m_Modifications:
    - target: {fileID: 1421386343766627562, guid: 08768c6c5a80e884a8eb2437c327dfde,
        type: 3}
      propertyPath: m_Enabled
      value: 0
      objectReference: {fileID: 0}
    - target: {fileID: 4661692229395339069, guid: 08768c6c5a80e884a8eb2437c327dfde,
        type: 3}
      propertyPath: m_LocalPosition.x
      value: -2.000002
      objectReference: {fileID: 0}
    - target: {fileID: 4661692229395339069, guid: 08768c6c5a80e884a8eb2437c327dfde,
        type: 3}
      propertyPath: m_LocalPosition.y
      value: 0
      objectReference: {fileID: 0}
    - target: {fileID: 4661692229395339069, guid: 08768c6c5a80e884a8eb2437c327dfde,
        type: 3}
      propertyPath: m_LocalPosition.z
      value: 1.5000005
      objectReference: {fileID: 0}
    - target: {fileID: 4661692229395339069, guid: 08768c6c5a80e884a8eb2437c327dfde,
        type: 3}
      propertyPath: m_LocalRotation.x
      value: -0.5
      objectReference: {fileID: 0}
    - target: {fileID: 4661692229395339069, guid: 08768c6c5a80e884a8eb2437c327dfde,
        type: 3}
      propertyPath: m_LocalRotation.y
      value: 0.5
      objectReference: {fileID: 0}
    - target: {fileID: 4661692229395339069, guid: 08768c6c5a80e884a8eb2437c327dfde,
        type: 3}
      propertyPath: m_LocalRotation.z
      value: 0.5
      objectReference: {fileID: 0}
    - target: {fileID: 4661692229395339069, guid: 08768c6c5a80e884a8eb2437c327dfde,
        type: 3}
      propertyPath: m_LocalRotation.w
      value: 0.5
      objectReference: {fileID: 0}
    - target: {fileID: 4661692229395339069, guid: 08768c6c5a80e884a8eb2437c327dfde,
        type: 3}
      propertyPath: m_RootOrder
      value: 17
      objectReference: {fileID: 0}
    - target: {fileID: 4661692229395339069, guid: 08768c6c5a80e884a8eb2437c327dfde,
        type: 3}
      propertyPath: m_LocalEulerAnglesHint.x
      value: -90.00001
      objectReference: {fileID: 0}
    - target: {fileID: 4661692229395339069, guid: 08768c6c5a80e884a8eb2437c327dfde,
        type: 3}
      propertyPath: m_LocalEulerAnglesHint.y
      value: 0
      objectReference: {fileID: 0}
    - target: {fileID: 4661692229395339069, guid: 08768c6c5a80e884a8eb2437c327dfde,
        type: 3}
      propertyPath: m_LocalEulerAnglesHint.z
      value: 90
      objectReference: {fileID: 0}
    - target: {fileID: 5474821126737530247, guid: 08768c6c5a80e884a8eb2437c327dfde,
        type: 3}
      propertyPath: m_Name
      value: side_wall_normal
      objectReference: {fileID: 0}
    m_RemovedComponents: []
  m_SourcePrefab: {fileID: 100100000, guid: 08768c6c5a80e884a8eb2437c327dfde, type: 3}
--- !u!4 &1187781798673607945 stripped
Transform:
  m_CorrespondingSourceObject: {fileID: 4661692229395339069, guid: 08768c6c5a80e884a8eb2437c327dfde,
    type: 3}
  m_PrefabInstance: {fileID: 5821589863431125556}
  m_PrefabAsset: {fileID: 0}
--- !u!1001 &5947500803308045539
PrefabInstance:
  m_ObjectHideFlags: 0
  serializedVersion: 2
  m_Modification:
    m_TransformParent: {fileID: 2268478364286809744}
    m_Modifications:
    - target: {fileID: -6836220009338333298, guid: fda0bd79016772f4b91f3ac319307d1f,
        type: 3}
      propertyPath: m_Enabled
      value: 0
      objectReference: {fileID: 0}
    - target: {fileID: 8254826055859284828, guid: fda0bd79016772f4b91f3ac319307d1f,
        type: 3}
      propertyPath: m_Name
      value: central_wall_normal
      objectReference: {fileID: 0}
    - target: {fileID: 8774375620144656870, guid: fda0bd79016772f4b91f3ac319307d1f,
        type: 3}
      propertyPath: m_LocalPosition.x
      value: -1.0000019
      objectReference: {fileID: 0}
    - target: {fileID: 8774375620144656870, guid: fda0bd79016772f4b91f3ac319307d1f,
        type: 3}
      propertyPath: m_LocalPosition.y
      value: 0
      objectReference: {fileID: 0}
    - target: {fileID: 8774375620144656870, guid: fda0bd79016772f4b91f3ac319307d1f,
        type: 3}
      propertyPath: m_LocalPosition.z
      value: 0.5000002
      objectReference: {fileID: 0}
    - target: {fileID: 8774375620144656870, guid: fda0bd79016772f4b91f3ac319307d1f,
        type: 3}
      propertyPath: m_LocalRotation.x
      value: -0.7071068
      objectReference: {fileID: 0}
    - target: {fileID: 8774375620144656870, guid: fda0bd79016772f4b91f3ac319307d1f,
        type: 3}
      propertyPath: m_LocalRotation.y
      value: 0
      objectReference: {fileID: 0}
    - target: {fileID: 8774375620144656870, guid: fda0bd79016772f4b91f3ac319307d1f,
        type: 3}
      propertyPath: m_LocalRotation.z
      value: 0
      objectReference: {fileID: 0}
    - target: {fileID: 8774375620144656870, guid: fda0bd79016772f4b91f3ac319307d1f,
        type: 3}
      propertyPath: m_LocalRotation.w
      value: 0.7071068
      objectReference: {fileID: 0}
    - target: {fileID: 8774375620144656870, guid: fda0bd79016772f4b91f3ac319307d1f,
        type: 3}
      propertyPath: m_RootOrder
      value: 16
      objectReference: {fileID: 0}
    - target: {fileID: 8774375620144656870, guid: fda0bd79016772f4b91f3ac319307d1f,
        type: 3}
      propertyPath: m_LocalEulerAnglesHint.x
      value: -90
      objectReference: {fileID: 0}
    - target: {fileID: 8774375620144656870, guid: fda0bd79016772f4b91f3ac319307d1f,
        type: 3}
      propertyPath: m_LocalEulerAnglesHint.y
      value: 0
      objectReference: {fileID: 0}
    - target: {fileID: 8774375620144656870, guid: fda0bd79016772f4b91f3ac319307d1f,
        type: 3}
      propertyPath: m_LocalEulerAnglesHint.z
      value: 0
      objectReference: {fileID: 0}
    m_RemovedComponents: []
  m_SourcePrefab: {fileID: 100100000, guid: fda0bd79016772f4b91f3ac319307d1f, type: 3}
--- !u!4 &3120181295718020357 stripped
Transform:
  m_CorrespondingSourceObject: {fileID: 8774375620144656870, guid: fda0bd79016772f4b91f3ac319307d1f,
    type: 3}
  m_PrefabInstance: {fileID: 5947500803308045539}
  m_PrefabAsset: {fileID: 0}
--- !u!1001 &6122653885106369671
PrefabInstance:
  m_ObjectHideFlags: 0
  serializedVersion: 2
  m_Modification:
    m_TransformParent: {fileID: 2268478364286809744}
    m_Modifications:
    - target: {fileID: 1421386343766627562, guid: 08768c6c5a80e884a8eb2437c327dfde,
        type: 3}
      propertyPath: m_Enabled
      value: 0
      objectReference: {fileID: 0}
    - target: {fileID: 4661692229395339069, guid: 08768c6c5a80e884a8eb2437c327dfde,
        type: 3}
      propertyPath: m_LocalPosition.x
      value: -0.0000016689303
      objectReference: {fileID: 0}
    - target: {fileID: 4661692229395339069, guid: 08768c6c5a80e884a8eb2437c327dfde,
        type: 3}
      propertyPath: m_LocalPosition.y
      value: 0
      objectReference: {fileID: 0}
    - target: {fileID: 4661692229395339069, guid: 08768c6c5a80e884a8eb2437c327dfde,
        type: 3}
      propertyPath: m_LocalPosition.z
      value: 2.5000002
      objectReference: {fileID: 0}
    - target: {fileID: 4661692229395339069, guid: 08768c6c5a80e884a8eb2437c327dfde,
        type: 3}
      propertyPath: m_LocalRotation.x
      value: 0
      objectReference: {fileID: 0}
    - target: {fileID: 4661692229395339069, guid: 08768c6c5a80e884a8eb2437c327dfde,
        type: 3}
      propertyPath: m_LocalRotation.y
      value: 0.7071068
      objectReference: {fileID: 0}
    - target: {fileID: 4661692229395339069, guid: 08768c6c5a80e884a8eb2437c327dfde,
        type: 3}
      propertyPath: m_LocalRotation.z
      value: 0.7071068
      objectReference: {fileID: 0}
    - target: {fileID: 4661692229395339069, guid: 08768c6c5a80e884a8eb2437c327dfde,
        type: 3}
      propertyPath: m_LocalRotation.w
      value: 0
      objectReference: {fileID: 0}
    - target: {fileID: 4661692229395339069, guid: 08768c6c5a80e884a8eb2437c327dfde,
        type: 3}
      propertyPath: m_RootOrder
      value: 21
      objectReference: {fileID: 0}
    - target: {fileID: 4661692229395339069, guid: 08768c6c5a80e884a8eb2437c327dfde,
        type: 3}
      propertyPath: m_LocalEulerAnglesHint.x
      value: -90.00001
      objectReference: {fileID: 0}
    - target: {fileID: 4661692229395339069, guid: 08768c6c5a80e884a8eb2437c327dfde,
        type: 3}
      propertyPath: m_LocalEulerAnglesHint.y
      value: 0
      objectReference: {fileID: 0}
    - target: {fileID: 4661692229395339069, guid: 08768c6c5a80e884a8eb2437c327dfde,
        type: 3}
      propertyPath: m_LocalEulerAnglesHint.z
      value: 180
      objectReference: {fileID: 0}
    - target: {fileID: 5474821126737530247, guid: 08768c6c5a80e884a8eb2437c327dfde,
        type: 3}
      propertyPath: m_Name
      value: side_wall_normal (2)
      objectReference: {fileID: 0}
    m_RemovedComponents: []
  m_SourcePrefab: {fileID: 100100000, guid: 08768c6c5a80e884a8eb2437c327dfde, type: 3}
--- !u!4 &1461876741745206202 stripped
Transform:
  m_CorrespondingSourceObject: {fileID: 4661692229395339069, guid: 08768c6c5a80e884a8eb2437c327dfde,
    type: 3}
  m_PrefabInstance: {fileID: 6122653885106369671}
  m_PrefabAsset: {fileID: 0}
--- !u!1001 &6268539834096521104
PrefabInstance:
  m_ObjectHideFlags: 0
  serializedVersion: 2
  m_Modification:
    m_TransformParent: {fileID: 2268478364286809744}
    m_Modifications:
    - target: {fileID: -6836220009338333298, guid: fda0bd79016772f4b91f3ac319307d1f,
        type: 3}
      propertyPath: m_Enabled
      value: 0
      objectReference: {fileID: 0}
    - target: {fileID: 8254826055859284828, guid: fda0bd79016772f4b91f3ac319307d1f,
        type: 3}
      propertyPath: m_Name
      value: central_wall_normal (4)
      objectReference: {fileID: 0}
    - target: {fileID: 8774375620144656870, guid: fda0bd79016772f4b91f3ac319307d1f,
        type: 3}
      propertyPath: m_LocalPosition.x
      value: -0.0000018477442
      objectReference: {fileID: 0}
    - target: {fileID: 8774375620144656870, guid: fda0bd79016772f4b91f3ac319307d1f,
        type: 3}
      propertyPath: m_LocalPosition.y
      value: 0
      objectReference: {fileID: 0}
    - target: {fileID: 8774375620144656870, guid: fda0bd79016772f4b91f3ac319307d1f,
        type: 3}
      propertyPath: m_LocalPosition.z
      value: 0.50000006
      objectReference: {fileID: 0}
    - target: {fileID: 8774375620144656870, guid: fda0bd79016772f4b91f3ac319307d1f,
        type: 3}
      propertyPath: m_LocalRotation.x
      value: -0.7071068
      objectReference: {fileID: 0}
    - target: {fileID: 8774375620144656870, guid: fda0bd79016772f4b91f3ac319307d1f,
        type: 3}
      propertyPath: m_LocalRotation.y
      value: 0
      objectReference: {fileID: 0}
    - target: {fileID: 8774375620144656870, guid: fda0bd79016772f4b91f3ac319307d1f,
        type: 3}
      propertyPath: m_LocalRotation.z
      value: 0
      objectReference: {fileID: 0}
    - target: {fileID: 8774375620144656870, guid: fda0bd79016772f4b91f3ac319307d1f,
        type: 3}
      propertyPath: m_LocalRotation.w
      value: 0.7071068
      objectReference: {fileID: 0}
    - target: {fileID: 8774375620144656870, guid: fda0bd79016772f4b91f3ac319307d1f,
        type: 3}
      propertyPath: m_RootOrder
      value: 23
      objectReference: {fileID: 0}
    - target: {fileID: 8774375620144656870, guid: fda0bd79016772f4b91f3ac319307d1f,
        type: 3}
      propertyPath: m_LocalEulerAnglesHint.x
      value: -90
      objectReference: {fileID: 0}
    - target: {fileID: 8774375620144656870, guid: fda0bd79016772f4b91f3ac319307d1f,
        type: 3}
      propertyPath: m_LocalEulerAnglesHint.y
      value: 0
      objectReference: {fileID: 0}
    - target: {fileID: 8774375620144656870, guid: fda0bd79016772f4b91f3ac319307d1f,
        type: 3}
      propertyPath: m_LocalEulerAnglesHint.z
      value: 0
      objectReference: {fileID: 0}
    m_RemovedComponents: []
  m_SourcePrefab: {fileID: 100100000, guid: fda0bd79016772f4b91f3ac319307d1f, type: 3}
--- !u!4 &3403186293140913782 stripped
Transform:
  m_CorrespondingSourceObject: {fileID: 8774375620144656870, guid: fda0bd79016772f4b91f3ac319307d1f,
    type: 3}
  m_PrefabInstance: {fileID: 6268539834096521104}
  m_PrefabAsset: {fileID: 0}
--- !u!1001 &6887624290285765919
PrefabInstance:
  m_ObjectHideFlags: 0
  serializedVersion: 2
  m_Modification:
    m_TransformParent: {fileID: 2268478364286809744}
    m_Modifications:
    - target: {fileID: 1421386343766627562, guid: 08768c6c5a80e884a8eb2437c327dfde,
        type: 3}
      propertyPath: m_Enabled
      value: 0
      objectReference: {fileID: 0}
    - target: {fileID: 4661692229395339069, guid: 08768c6c5a80e884a8eb2437c327dfde,
        type: 3}
      propertyPath: m_LocalPosition.x
      value: 0.99999845
      objectReference: {fileID: 0}
    - target: {fileID: 4661692229395339069, guid: 08768c6c5a80e884a8eb2437c327dfde,
        type: 3}
      propertyPath: m_LocalPosition.y
      value: 0
      objectReference: {fileID: 0}
    - target: {fileID: 4661692229395339069, guid: 08768c6c5a80e884a8eb2437c327dfde,
        type: 3}
      propertyPath: m_LocalPosition.z
      value: 2.5000005
      objectReference: {fileID: 0}
    - target: {fileID: 4661692229395339069, guid: 08768c6c5a80e884a8eb2437c327dfde,
        type: 3}
      propertyPath: m_LocalRotation.x
      value: 0
      objectReference: {fileID: 0}
    - target: {fileID: 4661692229395339069, guid: 08768c6c5a80e884a8eb2437c327dfde,
        type: 3}
      propertyPath: m_LocalRotation.y
      value: 0.7071068
      objectReference: {fileID: 0}
    - target: {fileID: 4661692229395339069, guid: 08768c6c5a80e884a8eb2437c327dfde,
        type: 3}
      propertyPath: m_LocalRotation.z
      value: 0.7071068
      objectReference: {fileID: 0}
    - target: {fileID: 4661692229395339069, guid: 08768c6c5a80e884a8eb2437c327dfde,
        type: 3}
      propertyPath: m_LocalRotation.w
      value: 0
      objectReference: {fileID: 0}
    - target: {fileID: 4661692229395339069, guid: 08768c6c5a80e884a8eb2437c327dfde,
        type: 3}
      propertyPath: m_RootOrder
      value: 27
      objectReference: {fileID: 0}
    - target: {fileID: 4661692229395339069, guid: 08768c6c5a80e884a8eb2437c327dfde,
        type: 3}
      propertyPath: m_LocalEulerAnglesHint.x
      value: -90.00001
      objectReference: {fileID: 0}
    - target: {fileID: 4661692229395339069, guid: 08768c6c5a80e884a8eb2437c327dfde,
        type: 3}
      propertyPath: m_LocalEulerAnglesHint.y
      value: 0
      objectReference: {fileID: 0}
    - target: {fileID: 4661692229395339069, guid: 08768c6c5a80e884a8eb2437c327dfde,
        type: 3}
      propertyPath: m_LocalEulerAnglesHint.z
      value: 180
      objectReference: {fileID: 0}
    - target: {fileID: 5474821126737530247, guid: 08768c6c5a80e884a8eb2437c327dfde,
        type: 3}
      propertyPath: m_Name
      value: side_wall_normal (4)
      objectReference: {fileID: 0}
    m_RemovedComponents: []
  m_SourcePrefab: {fileID: 100100000, guid: 08768c6c5a80e884a8eb2437c327dfde, type: 3}
--- !u!4 &2244034712691216930 stripped
Transform:
  m_CorrespondingSourceObject: {fileID: 4661692229395339069, guid: 08768c6c5a80e884a8eb2437c327dfde,
    type: 3}
  m_PrefabInstance: {fileID: 6887624290285765919}
  m_PrefabAsset: {fileID: 0}
--- !u!1001 &7407230446648681280
PrefabInstance:
  m_ObjectHideFlags: 0
  serializedVersion: 2
  m_Modification:
    m_TransformParent: {fileID: 2268478364286809744}
    m_Modifications:
    - target: {fileID: 1421386343766627562, guid: 08768c6c5a80e884a8eb2437c327dfde,
        type: 3}
      propertyPath: m_Enabled
      value: 0
      objectReference: {fileID: 0}
    - target: {fileID: 4661692229395339069, guid: 08768c6c5a80e884a8eb2437c327dfde,
        type: 3}
      propertyPath: m_LocalPosition.x
      value: -0.000001192093
      objectReference: {fileID: 0}
    - target: {fileID: 4661692229395339069, guid: 08768c6c5a80e884a8eb2437c327dfde,
        type: 3}
      propertyPath: m_LocalPosition.y
      value: 0
      objectReference: {fileID: 0}
    - target: {fileID: 4661692229395339069, guid: 08768c6c5a80e884a8eb2437c327dfde,
        type: 3}
      propertyPath: m_LocalPosition.z
      value: -2.5000002
      objectReference: {fileID: 0}
    - target: {fileID: 4661692229395339069, guid: 08768c6c5a80e884a8eb2437c327dfde,
        type: 3}
      propertyPath: m_LocalRotation.x
      value: -0.7071068
      objectReference: {fileID: 0}
    - target: {fileID: 4661692229395339069, guid: 08768c6c5a80e884a8eb2437c327dfde,
        type: 3}
      propertyPath: m_LocalRotation.y
      value: 0
      objectReference: {fileID: 0}
    - target: {fileID: 4661692229395339069, guid: 08768c6c5a80e884a8eb2437c327dfde,
        type: 3}
      propertyPath: m_LocalRotation.z
      value: 0
      objectReference: {fileID: 0}
    - target: {fileID: 4661692229395339069, guid: 08768c6c5a80e884a8eb2437c327dfde,
        type: 3}
      propertyPath: m_LocalRotation.w
      value: 0.7071068
      objectReference: {fileID: 0}
    - target: {fileID: 4661692229395339069, guid: 08768c6c5a80e884a8eb2437c327dfde,
        type: 3}
      propertyPath: m_RootOrder
      value: 20
      objectReference: {fileID: 0}
    - target: {fileID: 4661692229395339069, guid: 08768c6c5a80e884a8eb2437c327dfde,
        type: 3}
      propertyPath: m_LocalEulerAnglesHint.x
      value: -90.00001
      objectReference: {fileID: 0}
    - target: {fileID: 4661692229395339069, guid: 08768c6c5a80e884a8eb2437c327dfde,
        type: 3}
      propertyPath: m_LocalEulerAnglesHint.y
      value: 0
      objectReference: {fileID: 0}
    - target: {fileID: 4661692229395339069, guid: 08768c6c5a80e884a8eb2437c327dfde,
        type: 3}
      propertyPath: m_LocalEulerAnglesHint.z
      value: 0
      objectReference: {fileID: 0}
    - target: {fileID: 5474821126737530247, guid: 08768c6c5a80e884a8eb2437c327dfde,
        type: 3}
      propertyPath: m_Name
      value: side_wall_normal (1)
      objectReference: {fileID: 0}
    m_RemovedComponents: []
  m_SourcePrefab: {fileID: 100100000, guid: 08768c6c5a80e884a8eb2437c327dfde, type: 3}
--- !u!4 &2772648070423065725 stripped
Transform:
  m_CorrespondingSourceObject: {fileID: 4661692229395339069, guid: 08768c6c5a80e884a8eb2437c327dfde,
    type: 3}
  m_PrefabInstance: {fileID: 7407230446648681280}
  m_PrefabAsset: {fileID: 0}
--- !u!1001 &7628047410000834745
PrefabInstance:
  m_ObjectHideFlags: 0
  serializedVersion: 2
  m_Modification:
    m_TransformParent: {fileID: 2268478364286809744}
    m_Modifications:
    - target: {fileID: 1421386343766627562, guid: 08768c6c5a80e884a8eb2437c327dfde,
        type: 3}
      propertyPath: m_Enabled
      value: 0
      objectReference: {fileID: 0}
    - target: {fileID: 4661692229395339069, guid: 08768c6c5a80e884a8eb2437c327dfde,
        type: 3}
      propertyPath: m_LocalPosition.x
      value: -1.0000018
      objectReference: {fileID: 0}
    - target: {fileID: 4661692229395339069, guid: 08768c6c5a80e884a8eb2437c327dfde,
        type: 3}
      propertyPath: m_LocalPosition.y
      value: 0
      objectReference: {fileID: 0}
    - target: {fileID: 4661692229395339069, guid: 08768c6c5a80e884a8eb2437c327dfde,
        type: 3}
      propertyPath: m_LocalPosition.z
      value: 2.5000005
      objectReference: {fileID: 0}
    - target: {fileID: 4661692229395339069, guid: 08768c6c5a80e884a8eb2437c327dfde,
        type: 3}
      propertyPath: m_LocalRotation.x
      value: 0
      objectReference: {fileID: 0}
    - target: {fileID: 4661692229395339069, guid: 08768c6c5a80e884a8eb2437c327dfde,
        type: 3}
      propertyPath: m_LocalRotation.y
      value: 0.7071068
      objectReference: {fileID: 0}
    - target: {fileID: 4661692229395339069, guid: 08768c6c5a80e884a8eb2437c327dfde,
        type: 3}
      propertyPath: m_LocalRotation.z
      value: 0.7071068
      objectReference: {fileID: 0}
    - target: {fileID: 4661692229395339069, guid: 08768c6c5a80e884a8eb2437c327dfde,
        type: 3}
      propertyPath: m_LocalRotation.w
      value: 0
      objectReference: {fileID: 0}
    - target: {fileID: 4661692229395339069, guid: 08768c6c5a80e884a8eb2437c327dfde,
        type: 3}
      propertyPath: m_RootOrder
      value: 12
      objectReference: {fileID: 0}
    - target: {fileID: 4661692229395339069, guid: 08768c6c5a80e884a8eb2437c327dfde,
        type: 3}
      propertyPath: m_LocalEulerAnglesHint.x
      value: -90.00001
      objectReference: {fileID: 0}
    - target: {fileID: 4661692229395339069, guid: 08768c6c5a80e884a8eb2437c327dfde,
        type: 3}
      propertyPath: m_LocalEulerAnglesHint.y
      value: 0
      objectReference: {fileID: 0}
    - target: {fileID: 4661692229395339069, guid: 08768c6c5a80e884a8eb2437c327dfde,
        type: 3}
      propertyPath: m_LocalEulerAnglesHint.z
      value: 180
      objectReference: {fileID: 0}
    - target: {fileID: 5474821126737530247, guid: 08768c6c5a80e884a8eb2437c327dfde,
        type: 3}
      propertyPath: m_Name
      value: side_wall_normal
      objectReference: {fileID: 0}
    m_RemovedComponents: []
  m_SourcePrefab: {fileID: 100100000, guid: 08768c6c5a80e884a8eb2437c327dfde, type: 3}
--- !u!4 &2985302531946506116 stripped
Transform:
  m_CorrespondingSourceObject: {fileID: 4661692229395339069, guid: 08768c6c5a80e884a8eb2437c327dfde,
    type: 3}
  m_PrefabInstance: {fileID: 7628047410000834745}
  m_PrefabAsset: {fileID: 0}
--- !u!1001 &7976626723055419933
PrefabInstance:
  m_ObjectHideFlags: 0
  serializedVersion: 2
  m_Modification:
    m_TransformParent: {fileID: 2268478364286809744}
    m_Modifications:
    - target: {fileID: 1421386343766627562, guid: 08768c6c5a80e884a8eb2437c327dfde,
        type: 3}
      propertyPath: m_Enabled
      value: 0
      objectReference: {fileID: 0}
    - target: {fileID: 4661692229395339069, guid: 08768c6c5a80e884a8eb2437c327dfde,
        type: 3}
      propertyPath: m_LocalPosition.x
      value: -1.0000018
      objectReference: {fileID: 0}
    - target: {fileID: 4661692229395339069, guid: 08768c6c5a80e884a8eb2437c327dfde,
        type: 3}
      propertyPath: m_LocalPosition.y
      value: 0
      objectReference: {fileID: 0}
    - target: {fileID: 4661692229395339069, guid: 08768c6c5a80e884a8eb2437c327dfde,
        type: 3}
      propertyPath: m_LocalPosition.z
      value: -2.5
      objectReference: {fileID: 0}
    - target: {fileID: 4661692229395339069, guid: 08768c6c5a80e884a8eb2437c327dfde,
        type: 3}
      propertyPath: m_LocalRotation.x
      value: -0.7071068
      objectReference: {fileID: 0}
    - target: {fileID: 4661692229395339069, guid: 08768c6c5a80e884a8eb2437c327dfde,
        type: 3}
      propertyPath: m_LocalRotation.y
      value: 0
      objectReference: {fileID: 0}
    - target: {fileID: 4661692229395339069, guid: 08768c6c5a80e884a8eb2437c327dfde,
        type: 3}
      propertyPath: m_LocalRotation.z
      value: 0
      objectReference: {fileID: 0}
    - target: {fileID: 4661692229395339069, guid: 08768c6c5a80e884a8eb2437c327dfde,
        type: 3}
      propertyPath: m_LocalRotation.w
      value: 0.7071068
      objectReference: {fileID: 0}
    - target: {fileID: 4661692229395339069, guid: 08768c6c5a80e884a8eb2437c327dfde,
        type: 3}
      propertyPath: m_RootOrder
      value: 11
      objectReference: {fileID: 0}
    - target: {fileID: 4661692229395339069, guid: 08768c6c5a80e884a8eb2437c327dfde,
        type: 3}
      propertyPath: m_LocalEulerAnglesHint.x
      value: -90.00001
      objectReference: {fileID: 0}
    - target: {fileID: 4661692229395339069, guid: 08768c6c5a80e884a8eb2437c327dfde,
        type: 3}
      propertyPath: m_LocalEulerAnglesHint.y
      value: 0
      objectReference: {fileID: 0}
    - target: {fileID: 4661692229395339069, guid: 08768c6c5a80e884a8eb2437c327dfde,
        type: 3}
      propertyPath: m_LocalEulerAnglesHint.z
      value: 0
      objectReference: {fileID: 0}
    - target: {fileID: 5474821126737530247, guid: 08768c6c5a80e884a8eb2437c327dfde,
        type: 3}
      propertyPath: m_Name
      value: side_wall_normal
      objectReference: {fileID: 0}
    m_RemovedComponents: []
  m_SourcePrefab: {fileID: 100100000, guid: 08768c6c5a80e884a8eb2437c327dfde, type: 3}
--- !u!4 &3315497995525788960 stripped
Transform:
  m_CorrespondingSourceObject: {fileID: 4661692229395339069, guid: 08768c6c5a80e884a8eb2437c327dfde,
    type: 3}
  m_PrefabInstance: {fileID: 7976626723055419933}
  m_PrefabAsset: {fileID: 0}
--- !u!1001 &8084994401281571092
PrefabInstance:
  m_ObjectHideFlags: 0
  serializedVersion: 2
  m_Modification:
    m_TransformParent: {fileID: 2268478364286809744}
    m_Modifications:
    - target: {fileID: 1421386343766627562, guid: 08768c6c5a80e884a8eb2437c327dfde,
        type: 3}
      propertyPath: m_Enabled
      value: 0
      objectReference: {fileID: 0}
    - target: {fileID: 4661692229395339069, guid: 08768c6c5a80e884a8eb2437c327dfde,
        type: 3}
      propertyPath: m_LocalPosition.x
      value: -2.0000024
      objectReference: {fileID: 0}
    - target: {fileID: 4661692229395339069, guid: 08768c6c5a80e884a8eb2437c327dfde,
        type: 3}
      propertyPath: m_LocalPosition.y
      value: 0
      objectReference: {fileID: 0}
    - target: {fileID: 4661692229395339069, guid: 08768c6c5a80e884a8eb2437c327dfde,
        type: 3}
      propertyPath: m_LocalPosition.z
      value: -1.5
      objectReference: {fileID: 0}
    - target: {fileID: 4661692229395339069, guid: 08768c6c5a80e884a8eb2437c327dfde,
        type: 3}
      propertyPath: m_LocalRotation.x
      value: -0.5
      objectReference: {fileID: 0}
    - target: {fileID: 4661692229395339069, guid: 08768c6c5a80e884a8eb2437c327dfde,
        type: 3}
      propertyPath: m_LocalRotation.y
      value: 0.5
      objectReference: {fileID: 0}
    - target: {fileID: 4661692229395339069, guid: 08768c6c5a80e884a8eb2437c327dfde,
        type: 3}
      propertyPath: m_LocalRotation.z
      value: 0.5
      objectReference: {fileID: 0}
    - target: {fileID: 4661692229395339069, guid: 08768c6c5a80e884a8eb2437c327dfde,
        type: 3}
      propertyPath: m_LocalRotation.w
      value: 0.5
      objectReference: {fileID: 0}
    - target: {fileID: 4661692229395339069, guid: 08768c6c5a80e884a8eb2437c327dfde,
        type: 3}
      propertyPath: m_RootOrder
      value: 15
      objectReference: {fileID: 0}
    - target: {fileID: 4661692229395339069, guid: 08768c6c5a80e884a8eb2437c327dfde,
        type: 3}
      propertyPath: m_LocalEulerAnglesHint.x
      value: -90.00001
      objectReference: {fileID: 0}
    - target: {fileID: 4661692229395339069, guid: 08768c6c5a80e884a8eb2437c327dfde,
        type: 3}
      propertyPath: m_LocalEulerAnglesHint.y
      value: 0
      objectReference: {fileID: 0}
    - target: {fileID: 4661692229395339069, guid: 08768c6c5a80e884a8eb2437c327dfde,
        type: 3}
      propertyPath: m_LocalEulerAnglesHint.z
      value: 90
      objectReference: {fileID: 0}
    - target: {fileID: 5474821126737530247, guid: 08768c6c5a80e884a8eb2437c327dfde,
        type: 3}
      propertyPath: m_Name
      value: side_wall_normal
      objectReference: {fileID: 0}
    m_RemovedComponents: []
  m_SourcePrefab: {fileID: 100100000, guid: 08768c6c5a80e884a8eb2437c327dfde, type: 3}
--- !u!4 &3495360590827105833 stripped
Transform:
  m_CorrespondingSourceObject: {fileID: 4661692229395339069, guid: 08768c6c5a80e884a8eb2437c327dfde,
    type: 3}
  m_PrefabInstance: {fileID: 8084994401281571092}
  m_PrefabAsset: {fileID: 0}
--- !u!1001 &9141221986980200455
PrefabInstance:
  m_ObjectHideFlags: 0
  serializedVersion: 2
  m_Modification:
    m_TransformParent: {fileID: 2268478364286809744}
    m_Modifications:
    - target: {fileID: -6836220009338333298, guid: fda0bd79016772f4b91f3ac319307d1f,
        type: 3}
      propertyPath: m_Enabled
      value: 0
      objectReference: {fileID: 0}
    - target: {fileID: 8254826055859284828, guid: fda0bd79016772f4b91f3ac319307d1f,
        type: 3}
      propertyPath: m_Name
      value: central_wall_normal
      objectReference: {fileID: 0}
    - target: {fileID: 8774375620144656870, guid: fda0bd79016772f4b91f3ac319307d1f,
        type: 3}
      propertyPath: m_LocalPosition.x
      value: -1.0000018
      objectReference: {fileID: 0}
    - target: {fileID: 8774375620144656870, guid: fda0bd79016772f4b91f3ac319307d1f,
        type: 3}
      propertyPath: m_LocalPosition.y
      value: 0
      objectReference: {fileID: 0}
    - target: {fileID: 8774375620144656870, guid: fda0bd79016772f4b91f3ac319307d1f,
        type: 3}
      propertyPath: m_LocalPosition.z
      value: 1.5000004
      objectReference: {fileID: 0}
    - target: {fileID: 8774375620144656870, guid: fda0bd79016772f4b91f3ac319307d1f,
        type: 3}
      propertyPath: m_LocalRotation.x
      value: -0.7071068
      objectReference: {fileID: 0}
    - target: {fileID: 8774375620144656870, guid: fda0bd79016772f4b91f3ac319307d1f,
        type: 3}
      propertyPath: m_LocalRotation.y
      value: 0
      objectReference: {fileID: 0}
    - target: {fileID: 8774375620144656870, guid: fda0bd79016772f4b91f3ac319307d1f,
        type: 3}
      propertyPath: m_LocalRotation.z
      value: 0
      objectReference: {fileID: 0}
    - target: {fileID: 8774375620144656870, guid: fda0bd79016772f4b91f3ac319307d1f,
        type: 3}
      propertyPath: m_LocalRotation.w
      value: 0.7071068
      objectReference: {fileID: 0}
    - target: {fileID: 8774375620144656870, guid: fda0bd79016772f4b91f3ac319307d1f,
        type: 3}
      propertyPath: m_RootOrder
      value: 14
      objectReference: {fileID: 0}
    - target: {fileID: 8774375620144656870, guid: fda0bd79016772f4b91f3ac319307d1f,
        type: 3}
      propertyPath: m_LocalEulerAnglesHint.x
      value: -90
      objectReference: {fileID: 0}
    - target: {fileID: 8774375620144656870, guid: fda0bd79016772f4b91f3ac319307d1f,
        type: 3}
      propertyPath: m_LocalEulerAnglesHint.y
      value: 0
      objectReference: {fileID: 0}
    - target: {fileID: 8774375620144656870, guid: fda0bd79016772f4b91f3ac319307d1f,
        type: 3}
      propertyPath: m_LocalEulerAnglesHint.z
      value: 0
      objectReference: {fileID: 0}
    m_RemovedComponents: []
  m_SourcePrefab: {fileID: 100100000, guid: fda0bd79016772f4b91f3ac319307d1f, type: 3}
--- !u!4 &511436546484990433 stripped
Transform:
  m_CorrespondingSourceObject: {fileID: 8774375620144656870, guid: fda0bd79016772f4b91f3ac319307d1f,
    type: 3}
  m_PrefabInstance: {fileID: 9141221986980200455}
  m_PrefabAsset: {fileID: 0}
