%YAML 1.1
%TAG !u! tag:unity3d.com,2011:
--- !u!1 &798169043069632039
GameObject:
  m_ObjectHideFlags: 0
  m_CorrespondingSourceObject: {fileID: 0}
  m_PrefabInstance: {fileID: 0}
  m_PrefabAsset: {fileID: 0}
  serializedVersion: 6
  m_Component:
  - component: {fileID: 6921735033231164987}
  - component: {fileID: 8476916047991215631}
  m_Layer: 0
  m_Name: R_wall_3x7
  m_TagString: Untagged
  m_Icon: {fileID: 0}
  m_NavMeshLayer: 0
  m_StaticEditorFlags: 0
  m_IsActive: 1
--- !u!4 &6921735033231164987
Transform:
  m_ObjectHideFlags: 0
  m_CorrespondingSourceObject: {fileID: 0}
  m_PrefabInstance: {fileID: 0}
  m_PrefabAsset: {fileID: 0}
  m_GameObject: {fileID: 798169043069632039}
  m_LocalRotation: {x: 0, y: 0, z: 0, w: 1}
  m_LocalPosition: {x: 0, y: 0, z: 0}
  m_LocalScale: {x: 1, y: 1, z: 1}
  m_Children:
  - {fileID: 5762271797357682306}
  - {fileID: 5825930672777143142}
  - {fileID: 6749619887123932245}
  - {fileID: 6928298753240520644}
  - {fileID: 8002449156368686498}
  - {fileID: 7699029348875922888}
  - {fileID: 8922170943359358192}
  - {fileID: 4208149265333192647}
  - {fileID: 272285525681404454}
  - {fileID: 4497583852176065784}
  - {fileID: 839115308091201523}
  - {fileID: 823308326950731456}
  - {fileID: 3004412055201304291}
  - {fileID: 1832247110707242286}
  - {fileID: 1981530220723726605}
  - {fileID: 3413524056317797266}
  - {fileID: 1943491384025073661}
  - {fileID: 2589358737440142848}
  - {fileID: 2909288137355074314}
  - {fileID: 2875949216743276051}
  - {fileID: 1307222316388163737}
  m_Father: {fileID: 0}
  m_RootOrder: 0
  m_LocalEulerAnglesHint: {x: 0, y: 0, z: 0}
--- !u!65 &8476916047991215631
BoxCollider:
  m_ObjectHideFlags: 0
  m_CorrespondingSourceObject: {fileID: 0}
  m_PrefabInstance: {fileID: 0}
  m_PrefabAsset: {fileID: 0}
  m_GameObject: {fileID: 798169043069632039}
  m_Material: {fileID: 0}
  m_IsTrigger: 0
  m_Enabled: 1
  serializedVersion: 2
  m_Size: {x: 7.04384, y: 0.26446915, z: 2.9369931}
  m_Center: {x: -0.00000023841858, y: 0.08756256, z: 0.00000023841858}
--- !u!1001 &1100597709939624383
PrefabInstance:
  m_ObjectHideFlags: 0
  serializedVersion: 2
  m_Modification:
    m_TransformParent: {fileID: 6921735033231164987}
    m_Modifications:
    - target: {fileID: 1421386343766627562, guid: 08768c6c5a80e884a8eb2437c327dfde,
        type: 3}
      propertyPath: m_Enabled
      value: 0
      objectReference: {fileID: 0}
    - target: {fileID: 4661692229395339069, guid: 08768c6c5a80e884a8eb2437c327dfde,
        type: 3}
      propertyPath: m_LocalPosition.x
      value: 3
      objectReference: {fileID: 0}
    - target: {fileID: 4661692229395339069, guid: 08768c6c5a80e884a8eb2437c327dfde,
        type: 3}
      propertyPath: m_LocalPosition.z
      value: 0
      objectReference: {fileID: 0}
    - target: {fileID: 4661692229395339069, guid: 08768c6c5a80e884a8eb2437c327dfde,
        type: 3}
      propertyPath: m_LocalRotation.x
      value: -0.5
      objectReference: {fileID: 0}
    - target: {fileID: 4661692229395339069, guid: 08768c6c5a80e884a8eb2437c327dfde,
        type: 3}
      propertyPath: m_LocalRotation.y
      value: -0.5
      objectReference: {fileID: 0}
    - target: {fileID: 4661692229395339069, guid: 08768c6c5a80e884a8eb2437c327dfde,
        type: 3}
      propertyPath: m_LocalRotation.z
      value: -0.5
      objectReference: {fileID: 0}
    - target: {fileID: 4661692229395339069, guid: 08768c6c5a80e884a8eb2437c327dfde,
        type: 3}
      propertyPath: m_LocalRotation.w
      value: 0.5
      objectReference: {fileID: 0}
    - target: {fileID: 4661692229395339069, guid: 08768c6c5a80e884a8eb2437c327dfde,
        type: 3}
      propertyPath: m_LocalEulerAnglesHint.z
      value: -90
      objectReference: {fileID: 0}
    - target: {fileID: 7055587032265012530, guid: 08768c6c5a80e884a8eb2437c327dfde,
        type: 3}
      propertyPath: m_Name
      value: side_wall_normal (1)
      objectReference: {fileID: 0}
    - target: {fileID: 7683611188297625480, guid: 08768c6c5a80e884a8eb2437c327dfde,
        type: 3}
      propertyPath: m_LocalPosition.x
      value: -2
      objectReference: {fileID: 0}
    - target: {fileID: 7683611188297625480, guid: 08768c6c5a80e884a8eb2437c327dfde,
        type: 3}
      propertyPath: m_LocalPosition.y
      value: 0
      objectReference: {fileID: 0}
    - target: {fileID: 7683611188297625480, guid: 08768c6c5a80e884a8eb2437c327dfde,
        type: 3}
      propertyPath: m_LocalPosition.z
      value: -1
      objectReference: {fileID: 0}
    - target: {fileID: 7683611188297625480, guid: 08768c6c5a80e884a8eb2437c327dfde,
        type: 3}
      propertyPath: m_LocalRotation.x
      value: -0.7071068
      objectReference: {fileID: 0}
    - target: {fileID: 7683611188297625480, guid: 08768c6c5a80e884a8eb2437c327dfde,
        type: 3}
      propertyPath: m_LocalRotation.y
      value: -0
      objectReference: {fileID: 0}
    - target: {fileID: 7683611188297625480, guid: 08768c6c5a80e884a8eb2437c327dfde,
        type: 3}
      propertyPath: m_LocalRotation.z
      value: -0
      objectReference: {fileID: 0}
    - target: {fileID: 7683611188297625480, guid: 08768c6c5a80e884a8eb2437c327dfde,
        type: 3}
      propertyPath: m_LocalRotation.w
      value: 0.7071068
      objectReference: {fileID: 0}
    - target: {fileID: 7683611188297625480, guid: 08768c6c5a80e884a8eb2437c327dfde,
        type: 3}
      propertyPath: m_RootOrder
      value: 1
      objectReference: {fileID: 0}
    - target: {fileID: 7683611188297625480, guid: 08768c6c5a80e884a8eb2437c327dfde,
        type: 3}
      propertyPath: m_LocalEulerAnglesHint.x
      value: 0
      objectReference: {fileID: 0}
    - target: {fileID: 7683611188297625480, guid: 08768c6c5a80e884a8eb2437c327dfde,
        type: 3}
      propertyPath: m_LocalEulerAnglesHint.y
      value: 0
      objectReference: {fileID: 0}
    - target: {fileID: 7683611188297625480, guid: 08768c6c5a80e884a8eb2437c327dfde,
        type: 3}
      propertyPath: m_LocalEulerAnglesHint.z
      value: 0
      objectReference: {fileID: 0}
    m_RemovedComponents: []
  m_SourcePrefab: {fileID: 100100000, guid: 08768c6c5a80e884a8eb2437c327dfde, type: 3}
--- !u!4 &5762271797357682306 stripped
Transform:
  m_CorrespondingSourceObject: {fileID: 4661692229395339069, guid: 08768c6c5a80e884a8eb2437c327dfde,
    type: 3}
  m_PrefabInstance: {fileID: 1100597709939624383}
  m_PrefabAsset: {fileID: 0}
--- !u!1001 &1182324052482716763
PrefabInstance:
  m_ObjectHideFlags: 0
  serializedVersion: 2
  m_Modification:
    m_TransformParent: {fileID: 6921735033231164987}
    m_Modifications:
    - target: {fileID: 1421386343766627562, guid: 08768c6c5a80e884a8eb2437c327dfde,
        type: 3}
      propertyPath: m_Enabled
      value: 0
      objectReference: {fileID: 0}
    - target: {fileID: 4661692229395339069, guid: 08768c6c5a80e884a8eb2437c327dfde,
        type: 3}
      propertyPath: m_LocalPosition.x
      value: 0
      objectReference: {fileID: 0}
    - target: {fileID: 4661692229395339069, guid: 08768c6c5a80e884a8eb2437c327dfde,
        type: 3}
      propertyPath: m_LocalPosition.z
      value: 1
      objectReference: {fileID: 0}
    - target: {fileID: 4661692229395339069, guid: 08768c6c5a80e884a8eb2437c327dfde,
        type: 3}
      propertyPath: m_RootOrder
      value: 1
      objectReference: {fileID: 0}
    - target: {fileID: 4661692229395339069, guid: 08768c6c5a80e884a8eb2437c327dfde,
        type: 3}
      propertyPath: m_LocalRotation.x
      value: 0
      objectReference: {fileID: 0}
    - target: {fileID: 4661692229395339069, guid: 08768c6c5a80e884a8eb2437c327dfde,
        type: 3}
      propertyPath: m_LocalRotation.y
      value: 0.7071068
      objectReference: {fileID: 0}
    - target: {fileID: 4661692229395339069, guid: 08768c6c5a80e884a8eb2437c327dfde,
        type: 3}
      propertyPath: m_LocalRotation.z
      value: 0.7071068
      objectReference: {fileID: 0}
    - target: {fileID: 4661692229395339069, guid: 08768c6c5a80e884a8eb2437c327dfde,
        type: 3}
      propertyPath: m_LocalRotation.w
      value: 0
      objectReference: {fileID: 0}
    - target: {fileID: 4661692229395339069, guid: 08768c6c5a80e884a8eb2437c327dfde,
        type: 3}
      propertyPath: m_LocalEulerAnglesHint.x
      value: -90.00001
      objectReference: {fileID: 0}
    - target: {fileID: 4661692229395339069, guid: 08768c6c5a80e884a8eb2437c327dfde,
        type: 3}
      propertyPath: m_LocalEulerAnglesHint.z
      value: 180
      objectReference: {fileID: 0}
    - target: {fileID: 7055587032265012530, guid: 08768c6c5a80e884a8eb2437c327dfde,
        type: 3}
      propertyPath: m_Name
      value: side_wall_normal (9)
      objectReference: {fileID: 0}
    - target: {fileID: 7683611188297625480, guid: 08768c6c5a80e884a8eb2437c327dfde,
        type: 3}
      propertyPath: m_LocalPosition.x
      value: 1.0000005
      objectReference: {fileID: 0}
    - target: {fileID: 7683611188297625480, guid: 08768c6c5a80e884a8eb2437c327dfde,
        type: 3}
      propertyPath: m_LocalPosition.y
      value: -0.00000047683716
      objectReference: {fileID: 0}
    - target: {fileID: 7683611188297625480, guid: 08768c6c5a80e884a8eb2437c327dfde,
        type: 3}
      propertyPath: m_LocalPosition.z
      value: -0.99999905
      objectReference: {fileID: 0}
    - target: {fileID: 7683611188297625480, guid: 08768c6c5a80e884a8eb2437c327dfde,
        type: 3}
      propertyPath: m_LocalRotation.x
      value: -0.7071068
      objectReference: {fileID: 0}
    - target: {fileID: 7683611188297625480, guid: 08768c6c5a80e884a8eb2437c327dfde,
        type: 3}
      propertyPath: m_LocalRotation.y
      value: -0
      objectReference: {fileID: 0}
    - target: {fileID: 7683611188297625480, guid: 08768c6c5a80e884a8eb2437c327dfde,
        type: 3}
      propertyPath: m_LocalRotation.z
      value: -0
      objectReference: {fileID: 0}
    - target: {fileID: 7683611188297625480, guid: 08768c6c5a80e884a8eb2437c327dfde,
        type: 3}
      propertyPath: m_LocalRotation.w
      value: 0.7071068
      objectReference: {fileID: 0}
    - target: {fileID: 7683611188297625480, guid: 08768c6c5a80e884a8eb2437c327dfde,
        type: 3}
      propertyPath: m_RootOrder
      value: 16
      objectReference: {fileID: 0}
    - target: {fileID: 7683611188297625480, guid: 08768c6c5a80e884a8eb2437c327dfde,
        type: 3}
      propertyPath: m_LocalEulerAnglesHint.x
      value: 0
      objectReference: {fileID: 0}
    - target: {fileID: 7683611188297625480, guid: 08768c6c5a80e884a8eb2437c327dfde,
        type: 3}
      propertyPath: m_LocalEulerAnglesHint.y
      value: 0
      objectReference: {fileID: 0}
    - target: {fileID: 7683611188297625480, guid: 08768c6c5a80e884a8eb2437c327dfde,
        type: 3}
      propertyPath: m_LocalEulerAnglesHint.z
      value: 0
      objectReference: {fileID: 0}
    m_RemovedComponents: []
  m_SourcePrefab: {fileID: 100100000, guid: 08768c6c5a80e884a8eb2437c327dfde, type: 3}
--- !u!4 &5825930672777143142 stripped
Transform:
  m_CorrespondingSourceObject: {fileID: 4661692229395339069, guid: 08768c6c5a80e884a8eb2437c327dfde,
    type: 3}
  m_PrefabInstance: {fileID: 1182324052482716763}
  m_PrefabAsset: {fileID: 0}
--- !u!1001 &2097234750960956264
PrefabInstance:
  m_ObjectHideFlags: 0
  serializedVersion: 2
  m_Modification:
    m_TransformParent: {fileID: 6921735033231164987}
    m_Modifications:
    - target: {fileID: 1421386343766627562, guid: 08768c6c5a80e884a8eb2437c327dfde,
        type: 3}
      propertyPath: m_Enabled
      value: 0
      objectReference: {fileID: 0}
    - target: {fileID: 4661692229395339069, guid: 08768c6c5a80e884a8eb2437c327dfde,
        type: 3}
      propertyPath: m_LocalPosition.x
      value: -1
      objectReference: {fileID: 0}
    - target: {fileID: 4661692229395339069, guid: 08768c6c5a80e884a8eb2437c327dfde,
        type: 3}
      propertyPath: m_LocalPosition.z
      value: 1
      objectReference: {fileID: 0}
    - target: {fileID: 4661692229395339069, guid: 08768c6c5a80e884a8eb2437c327dfde,
        type: 3}
      propertyPath: m_RootOrder
      value: 2
      objectReference: {fileID: 0}
    - target: {fileID: 4661692229395339069, guid: 08768c6c5a80e884a8eb2437c327dfde,
        type: 3}
      propertyPath: m_LocalRotation.x
      value: 0
      objectReference: {fileID: 0}
    - target: {fileID: 4661692229395339069, guid: 08768c6c5a80e884a8eb2437c327dfde,
        type: 3}
      propertyPath: m_LocalRotation.y
      value: 0.7071068
      objectReference: {fileID: 0}
    - target: {fileID: 4661692229395339069, guid: 08768c6c5a80e884a8eb2437c327dfde,
        type: 3}
      propertyPath: m_LocalRotation.z
      value: 0.7071068
      objectReference: {fileID: 0}
    - target: {fileID: 4661692229395339069, guid: 08768c6c5a80e884a8eb2437c327dfde,
        type: 3}
      propertyPath: m_LocalRotation.w
      value: 0
      objectReference: {fileID: 0}
    - target: {fileID: 4661692229395339069, guid: 08768c6c5a80e884a8eb2437c327dfde,
        type: 3}
      propertyPath: m_LocalEulerAnglesHint.x
      value: -90.00001
      objectReference: {fileID: 0}
    - target: {fileID: 4661692229395339069, guid: 08768c6c5a80e884a8eb2437c327dfde,
        type: 3}
      propertyPath: m_LocalEulerAnglesHint.z
      value: 180
      objectReference: {fileID: 0}
    - target: {fileID: 7055587032265012530, guid: 08768c6c5a80e884a8eb2437c327dfde,
        type: 3}
      propertyPath: m_Name
      value: side_wall_normal (5)
      objectReference: {fileID: 0}
    - target: {fileID: 7683611188297625480, guid: 08768c6c5a80e884a8eb2437c327dfde,
        type: 3}
      propertyPath: m_LocalPosition.x
      value: -0.9999999
      objectReference: {fileID: 0}
    - target: {fileID: 7683611188297625480, guid: 08768c6c5a80e884a8eb2437c327dfde,
        type: 3}
      propertyPath: m_LocalPosition.y
      value: 0.00000011920929
      objectReference: {fileID: 0}
    - target: {fileID: 7683611188297625480, guid: 08768c6c5a80e884a8eb2437c327dfde,
        type: 3}
      propertyPath: m_LocalPosition.z
      value: -0.99999905
      objectReference: {fileID: 0}
    - target: {fileID: 7683611188297625480, guid: 08768c6c5a80e884a8eb2437c327dfde,
        type: 3}
      propertyPath: m_LocalRotation.x
      value: -0.7071068
      objectReference: {fileID: 0}
    - target: {fileID: 7683611188297625480, guid: 08768c6c5a80e884a8eb2437c327dfde,
        type: 3}
      propertyPath: m_LocalRotation.y
      value: -0
      objectReference: {fileID: 0}
    - target: {fileID: 7683611188297625480, guid: 08768c6c5a80e884a8eb2437c327dfde,
        type: 3}
      propertyPath: m_LocalRotation.z
      value: -0
      objectReference: {fileID: 0}
    - target: {fileID: 7683611188297625480, guid: 08768c6c5a80e884a8eb2437c327dfde,
        type: 3}
      propertyPath: m_LocalRotation.w
      value: 0.7071068
      objectReference: {fileID: 0}
    - target: {fileID: 7683611188297625480, guid: 08768c6c5a80e884a8eb2437c327dfde,
        type: 3}
      propertyPath: m_RootOrder
      value: 10
      objectReference: {fileID: 0}
    - target: {fileID: 7683611188297625480, guid: 08768c6c5a80e884a8eb2437c327dfde,
        type: 3}
      propertyPath: m_LocalEulerAnglesHint.x
      value: 0
      objectReference: {fileID: 0}
    - target: {fileID: 7683611188297625480, guid: 08768c6c5a80e884a8eb2437c327dfde,
        type: 3}
      propertyPath: m_LocalEulerAnglesHint.y
      value: 0
      objectReference: {fileID: 0}
    - target: {fileID: 7683611188297625480, guid: 08768c6c5a80e884a8eb2437c327dfde,
        type: 3}
      propertyPath: m_LocalEulerAnglesHint.z
      value: 0
      objectReference: {fileID: 0}
    m_RemovedComponents: []
  m_SourcePrefab: {fileID: 100100000, guid: 08768c6c5a80e884a8eb2437c327dfde, type: 3}
--- !u!4 &6749619887123932245 stripped
Transform:
  m_CorrespondingSourceObject: {fileID: 4661692229395339069, guid: 08768c6c5a80e884a8eb2437c327dfde,
    type: 3}
  m_PrefabInstance: {fileID: 2097234750960956264}
  m_PrefabAsset: {fileID: 0}
--- !u!1001 &2348604530089787641
PrefabInstance:
  m_ObjectHideFlags: 0
  serializedVersion: 2
  m_Modification:
    m_TransformParent: {fileID: 6921735033231164987}
    m_Modifications:
    - target: {fileID: 1421386343766627562, guid: 08768c6c5a80e884a8eb2437c327dfde,
        type: 3}
      propertyPath: m_Enabled
      value: 0
      objectReference: {fileID: 0}
    - target: {fileID: 4661692229395339069, guid: 08768c6c5a80e884a8eb2437c327dfde,
        type: 3}
      propertyPath: m_LocalPosition.x
      value: 1
      objectReference: {fileID: 0}
    - target: {fileID: 4661692229395339069, guid: 08768c6c5a80e884a8eb2437c327dfde,
        type: 3}
      propertyPath: m_LocalPosition.z
      value: 1
      objectReference: {fileID: 0}
    - target: {fileID: 4661692229395339069, guid: 08768c6c5a80e884a8eb2437c327dfde,
        type: 3}
      propertyPath: m_RootOrder
      value: 3
      objectReference: {fileID: 0}
    - target: {fileID: 4661692229395339069, guid: 08768c6c5a80e884a8eb2437c327dfde,
        type: 3}
      propertyPath: m_LocalRotation.x
      value: 0
      objectReference: {fileID: 0}
    - target: {fileID: 4661692229395339069, guid: 08768c6c5a80e884a8eb2437c327dfde,
        type: 3}
      propertyPath: m_LocalRotation.y
      value: 0.7071068
      objectReference: {fileID: 0}
    - target: {fileID: 4661692229395339069, guid: 08768c6c5a80e884a8eb2437c327dfde,
        type: 3}
      propertyPath: m_LocalRotation.z
      value: 0.7071068
      objectReference: {fileID: 0}
    - target: {fileID: 4661692229395339069, guid: 08768c6c5a80e884a8eb2437c327dfde,
        type: 3}
      propertyPath: m_LocalRotation.w
      value: 0
      objectReference: {fileID: 0}
    - target: {fileID: 4661692229395339069, guid: 08768c6c5a80e884a8eb2437c327dfde,
        type: 3}
      propertyPath: m_LocalEulerAnglesHint.x
      value: -90.00001
      objectReference: {fileID: 0}
    - target: {fileID: 4661692229395339069, guid: 08768c6c5a80e884a8eb2437c327dfde,
        type: 3}
      propertyPath: m_LocalEulerAnglesHint.z
      value: 180
      objectReference: {fileID: 0}
    - target: {fileID: 7055587032265012530, guid: 08768c6c5a80e884a8eb2437c327dfde,
        type: 3}
      propertyPath: m_Name
      value: side_wall_normal (7)
      objectReference: {fileID: 0}
    - target: {fileID: 7683611188297625480, guid: 08768c6c5a80e884a8eb2437c327dfde,
        type: 3}
      propertyPath: m_LocalPosition.x
      value: 0.00000023841858
      objectReference: {fileID: 0}
    - target: {fileID: 7683611188297625480, guid: 08768c6c5a80e884a8eb2437c327dfde,
        type: 3}
      propertyPath: m_LocalPosition.y
      value: -0.00000071525574
      objectReference: {fileID: 0}
    - target: {fileID: 7683611188297625480, guid: 08768c6c5a80e884a8eb2437c327dfde,
        type: 3}
      propertyPath: m_LocalPosition.z
      value: -0.99999905
      objectReference: {fileID: 0}
    - target: {fileID: 7683611188297625480, guid: 08768c6c5a80e884a8eb2437c327dfde,
        type: 3}
      propertyPath: m_LocalRotation.x
      value: -0.7071068
      objectReference: {fileID: 0}
    - target: {fileID: 7683611188297625480, guid: 08768c6c5a80e884a8eb2437c327dfde,
        type: 3}
      propertyPath: m_LocalRotation.y
      value: -0
      objectReference: {fileID: 0}
    - target: {fileID: 7683611188297625480, guid: 08768c6c5a80e884a8eb2437c327dfde,
        type: 3}
      propertyPath: m_LocalRotation.z
      value: -0
      objectReference: {fileID: 0}
    - target: {fileID: 7683611188297625480, guid: 08768c6c5a80e884a8eb2437c327dfde,
        type: 3}
      propertyPath: m_LocalRotation.w
      value: 0.7071068
      objectReference: {fileID: 0}
    - target: {fileID: 7683611188297625480, guid: 08768c6c5a80e884a8eb2437c327dfde,
        type: 3}
      propertyPath: m_RootOrder
      value: 13
      objectReference: {fileID: 0}
    - target: {fileID: 7683611188297625480, guid: 08768c6c5a80e884a8eb2437c327dfde,
        type: 3}
      propertyPath: m_LocalEulerAnglesHint.x
      value: 0
      objectReference: {fileID: 0}
    - target: {fileID: 7683611188297625480, guid: 08768c6c5a80e884a8eb2437c327dfde,
        type: 3}
      propertyPath: m_LocalEulerAnglesHint.y
      value: 0
      objectReference: {fileID: 0}
    - target: {fileID: 7683611188297625480, guid: 08768c6c5a80e884a8eb2437c327dfde,
        type: 3}
      propertyPath: m_LocalEulerAnglesHint.z
      value: 0
      objectReference: {fileID: 0}
    m_RemovedComponents: []
  m_SourcePrefab: {fileID: 100100000, guid: 08768c6c5a80e884a8eb2437c327dfde, type: 3}
--- !u!4 &6928298753240520644 stripped
Transform:
  m_CorrespondingSourceObject: {fileID: 4661692229395339069, guid: 08768c6c5a80e884a8eb2437c327dfde,
    type: 3}
  m_PrefabInstance: {fileID: 2348604530089787641}
  m_PrefabAsset: {fileID: 0}
--- !u!1001 &3440681368641866399
PrefabInstance:
  m_ObjectHideFlags: 0
  serializedVersion: 2
  m_Modification:
    m_TransformParent: {fileID: 6921735033231164987}
    m_Modifications:
    - target: {fileID: 1421386343766627562, guid: 08768c6c5a80e884a8eb2437c327dfde,
        type: 3}
      propertyPath: m_Enabled
      value: 0
      objectReference: {fileID: 0}
    - target: {fileID: 4661692229395339069, guid: 08768c6c5a80e884a8eb2437c327dfde,
        type: 3}
      propertyPath: m_LocalPosition.x
      value: -1
      objectReference: {fileID: 0}
    - target: {fileID: 4661692229395339069, guid: 08768c6c5a80e884a8eb2437c327dfde,
        type: 3}
      propertyPath: m_LocalPosition.z
      value: -1
      objectReference: {fileID: 0}
    - target: {fileID: 4661692229395339069, guid: 08768c6c5a80e884a8eb2437c327dfde,
        type: 3}
      propertyPath: m_RootOrder
      value: 4
      objectReference: {fileID: 0}
    - target: {fileID: 4661692229395339069, guid: 08768c6c5a80e884a8eb2437c327dfde,
        type: 3}
      propertyPath: m_LocalRotation.x
      value: -0.7071068
      objectReference: {fileID: 0}
    - target: {fileID: 4661692229395339069, guid: 08768c6c5a80e884a8eb2437c327dfde,
        type: 3}
      propertyPath: m_LocalRotation.y
      value: 0
      objectReference: {fileID: 0}
    - target: {fileID: 4661692229395339069, guid: 08768c6c5a80e884a8eb2437c327dfde,
        type: 3}
      propertyPath: m_LocalRotation.z
      value: 0
      objectReference: {fileID: 0}
    - target: {fileID: 4661692229395339069, guid: 08768c6c5a80e884a8eb2437c327dfde,
        type: 3}
      propertyPath: m_LocalRotation.w
      value: 0.7071068
      objectReference: {fileID: 0}
    - target: {fileID: 4661692229395339069, guid: 08768c6c5a80e884a8eb2437c327dfde,
        type: 3}
      propertyPath: m_LocalEulerAnglesHint.x
      value: -90.00001
      objectReference: {fileID: 0}
    - target: {fileID: 7055587032265012530, guid: 08768c6c5a80e884a8eb2437c327dfde,
        type: 3}
      propertyPath: m_Name
      value: side_wall_normal (2)
      objectReference: {fileID: 0}
    - target: {fileID: 7683611188297625480, guid: 08768c6c5a80e884a8eb2437c327dfde,
        type: 3}
      propertyPath: m_LocalPosition.x
      value: 3.0000005
      objectReference: {fileID: 0}
    - target: {fileID: 7683611188297625480, guid: 08768c6c5a80e884a8eb2437c327dfde,
        type: 3}
      propertyPath: m_LocalPosition.y
      value: -0.00000047683716
      objectReference: {fileID: 0}
    - target: {fileID: 7683611188297625480, guid: 08768c6c5a80e884a8eb2437c327dfde,
        type: 3}
      propertyPath: m_LocalPosition.z
      value: 0.0000009536743
      objectReference: {fileID: 0}
    - target: {fileID: 7683611188297625480, guid: 08768c6c5a80e884a8eb2437c327dfde,
        type: 3}
      propertyPath: m_LocalRotation.x
      value: -0.5
      objectReference: {fileID: 0}
    - target: {fileID: 7683611188297625480, guid: 08768c6c5a80e884a8eb2437c327dfde,
        type: 3}
      propertyPath: m_LocalRotation.y
      value: -0.5
      objectReference: {fileID: 0}
    - target: {fileID: 7683611188297625480, guid: 08768c6c5a80e884a8eb2437c327dfde,
        type: 3}
      propertyPath: m_LocalRotation.z
      value: -0.5
      objectReference: {fileID: 0}
    - target: {fileID: 7683611188297625480, guid: 08768c6c5a80e884a8eb2437c327dfde,
        type: 3}
      propertyPath: m_LocalRotation.w
      value: 0.5
      objectReference: {fileID: 0}
    - target: {fileID: 7683611188297625480, guid: 08768c6c5a80e884a8eb2437c327dfde,
        type: 3}
      propertyPath: m_RootOrder
      value: 2
      objectReference: {fileID: 0}
    - target: {fileID: 7683611188297625480, guid: 08768c6c5a80e884a8eb2437c327dfde,
        type: 3}
      propertyPath: m_LocalEulerAnglesHint.x
      value: -90.00001
      objectReference: {fileID: 0}
    - target: {fileID: 7683611188297625480, guid: 08768c6c5a80e884a8eb2437c327dfde,
        type: 3}
      propertyPath: m_LocalEulerAnglesHint.y
      value: 0
      objectReference: {fileID: 0}
    - target: {fileID: 7683611188297625480, guid: 08768c6c5a80e884a8eb2437c327dfde,
        type: 3}
      propertyPath: m_LocalEulerAnglesHint.z
      value: -90
      objectReference: {fileID: 0}
    m_RemovedComponents: []
  m_SourcePrefab: {fileID: 100100000, guid: 08768c6c5a80e884a8eb2437c327dfde, type: 3}
--- !u!4 &8002449156368686498 stripped
Transform:
  m_CorrespondingSourceObject: {fileID: 4661692229395339069, guid: 08768c6c5a80e884a8eb2437c327dfde,
    type: 3}
  m_PrefabInstance: {fileID: 3440681368641866399}
  m_PrefabAsset: {fileID: 0}
--- !u!1001 &3918175078379701957
PrefabInstance:
  m_ObjectHideFlags: 0
  serializedVersion: 2
  m_Modification:
    m_TransformParent: {fileID: 6921735033231164987}
    m_Modifications:
    - target: {fileID: 2641235204623245620, guid: f3418a16f7d8b2a47a156369c638eecf,
        type: 3}
      propertyPath: m_Enabled
      value: 0
      objectReference: {fileID: 0}
    - target: {fileID: 5166799276776995688, guid: f3418a16f7d8b2a47a156369c638eecf,
        type: 3}
      propertyPath: m_LocalPosition.x
      value: -3
      objectReference: {fileID: 0}
    - target: {fileID: 5166799276776995688, guid: f3418a16f7d8b2a47a156369c638eecf,
        type: 3}
      propertyPath: m_LocalPosition.y
      value: 0
      objectReference: {fileID: 0}
    - target: {fileID: 5166799276776995688, guid: f3418a16f7d8b2a47a156369c638eecf,
        type: 3}
      propertyPath: m_LocalPosition.z
      value: -1
      objectReference: {fileID: 0}
    - target: {fileID: 5166799276776995688, guid: f3418a16f7d8b2a47a156369c638eecf,
        type: 3}
      propertyPath: m_LocalRotation.x
      value: -0.5
      objectReference: {fileID: 0}
    - target: {fileID: 5166799276776995688, guid: f3418a16f7d8b2a47a156369c638eecf,
        type: 3}
      propertyPath: m_LocalRotation.y
      value: 0.5
      objectReference: {fileID: 0}
    - target: {fileID: 5166799276776995688, guid: f3418a16f7d8b2a47a156369c638eecf,
        type: 3}
      propertyPath: m_LocalRotation.z
      value: 0.5
      objectReference: {fileID: 0}
    - target: {fileID: 5166799276776995688, guid: f3418a16f7d8b2a47a156369c638eecf,
        type: 3}
      propertyPath: m_LocalRotation.w
      value: 0.5
      objectReference: {fileID: 0}
    - target: {fileID: 5166799276776995688, guid: f3418a16f7d8b2a47a156369c638eecf,
        type: 3}
      propertyPath: m_RootOrder
      value: 6
      objectReference: {fileID: 0}
    - target: {fileID: 5166799276776995688, guid: f3418a16f7d8b2a47a156369c638eecf,
        type: 3}
      propertyPath: m_LocalEulerAnglesHint.x
      value: -90.00001
      objectReference: {fileID: 0}
    - target: {fileID: 5166799276776995688, guid: f3418a16f7d8b2a47a156369c638eecf,
        type: 3}
      propertyPath: m_LocalEulerAnglesHint.y
      value: 0
      objectReference: {fileID: 0}
    - target: {fileID: 5166799276776995688, guid: f3418a16f7d8b2a47a156369c638eecf,
        type: 3}
      propertyPath: m_LocalEulerAnglesHint.z
      value: 90
      objectReference: {fileID: 0}
    - target: {fileID: 5548426209584079314, guid: f3418a16f7d8b2a47a156369c638eecf,
        type: 3}
      propertyPath: m_Name
      value: corner_wall (2)
      objectReference: {fileID: 0}
    - target: {fileID: 6681183642016951053, guid: f3418a16f7d8b2a47a156369c638eecf,
        type: 3}
      propertyPath: m_LocalPosition.y
      value: 0
      objectReference: {fileID: 0}
    - target: {fileID: 6681183642016951053, guid: f3418a16f7d8b2a47a156369c638eecf,
        type: 3}
      propertyPath: m_LocalPosition.z
      value: -1
      objectReference: {fileID: 0}
    - target: {fileID: 6681183642016951053, guid: f3418a16f7d8b2a47a156369c638eecf,
        type: 3}
      propertyPath: m_RootOrder
      value: 5
      objectReference: {fileID: 0}
    - target: {fileID: 6681183642016951053, guid: f3418a16f7d8b2a47a156369c638eecf,
        type: 3}
      propertyPath: m_LocalPosition.x
      value: 3
      objectReference: {fileID: 0}
    m_RemovedComponents: []
  m_SourcePrefab: {fileID: 100100000, guid: f3418a16f7d8b2a47a156369c638eecf, type: 3}
--- !u!4 &7699029348875922888 stripped
Transform:
  m_CorrespondingSourceObject: {fileID: 6681183642016951053, guid: f3418a16f7d8b2a47a156369c638eecf,
    type: 3}
  m_PrefabInstance: {fileID: 3918175078379701957}
  m_PrefabAsset: {fileID: 0}
--- !u!1001 &4278493664418841549
PrefabInstance:
  m_ObjectHideFlags: 0
  serializedVersion: 2
  m_Modification:
    m_TransformParent: {fileID: 6921735033231164987}
    m_Modifications:
    - target: {fileID: 1421386343766627562, guid: 08768c6c5a80e884a8eb2437c327dfde,
        type: 3}
      propertyPath: m_Enabled
      value: 0
      objectReference: {fileID: 0}
    - target: {fileID: 4661692229395339069, guid: 08768c6c5a80e884a8eb2437c327dfde,
        type: 3}
      propertyPath: m_LocalPosition.z
      value: 0
      objectReference: {fileID: 0}
    - target: {fileID: 4661692229395339069, guid: 08768c6c5a80e884a8eb2437c327dfde,
        type: 3}
      propertyPath: m_RootOrder
      value: 6
      objectReference: {fileID: 0}
    - target: {fileID: 4661692229395339069, guid: 08768c6c5a80e884a8eb2437c327dfde,
        type: 3}
      propertyPath: m_LocalPosition.x
      value: -3
      objectReference: {fileID: 0}
    - target: {fileID: 4661692229395339069, guid: 08768c6c5a80e884a8eb2437c327dfde,
        type: 3}
      propertyPath: m_LocalRotation.x
      value: -0.5
      objectReference: {fileID: 0}
    - target: {fileID: 4661692229395339069, guid: 08768c6c5a80e884a8eb2437c327dfde,
        type: 3}
      propertyPath: m_LocalRotation.y
      value: 0.5
      objectReference: {fileID: 0}
    - target: {fileID: 4661692229395339069, guid: 08768c6c5a80e884a8eb2437c327dfde,
        type: 3}
      propertyPath: m_LocalRotation.z
      value: 0.5
      objectReference: {fileID: 0}
    - target: {fileID: 4661692229395339069, guid: 08768c6c5a80e884a8eb2437c327dfde,
        type: 3}
      propertyPath: m_LocalRotation.w
      value: 0.5
      objectReference: {fileID: 0}
    - target: {fileID: 4661692229395339069, guid: 08768c6c5a80e884a8eb2437c327dfde,
        type: 3}
      propertyPath: m_LocalEulerAnglesHint.x
      value: -90.00001
      objectReference: {fileID: 0}
    - target: {fileID: 4661692229395339069, guid: 08768c6c5a80e884a8eb2437c327dfde,
        type: 3}
      propertyPath: m_LocalEulerAnglesHint.z
      value: 90
      objectReference: {fileID: 0}
    - target: {fileID: 7055587032265012530, guid: 08768c6c5a80e884a8eb2437c327dfde,
        type: 3}
      propertyPath: m_Name
      value: side_wall_normal (8)
      objectReference: {fileID: 0}
    - target: {fileID: 7683611188297625480, guid: 08768c6c5a80e884a8eb2437c327dfde,
        type: 3}
      propertyPath: m_LocalPosition.x
      value: 0.00000023841858
      objectReference: {fileID: 0}
    - target: {fileID: 7683611188297625480, guid: 08768c6c5a80e884a8eb2437c327dfde,
        type: 3}
      propertyPath: m_LocalPosition.y
      value: 0.00000023841858
      objectReference: {fileID: 0}
    - target: {fileID: 7683611188297625480, guid: 08768c6c5a80e884a8eb2437c327dfde,
        type: 3}
      propertyPath: m_LocalPosition.z
      value: 1.000001
      objectReference: {fileID: 0}
    - target: {fileID: 7683611188297625480, guid: 08768c6c5a80e884a8eb2437c327dfde,
        type: 3}
      propertyPath: m_LocalRotation.x
      value: -0
      objectReference: {fileID: 0}
    - target: {fileID: 7683611188297625480, guid: 08768c6c5a80e884a8eb2437c327dfde,
        type: 3}
      propertyPath: m_LocalRotation.y
      value: 0.7071068
      objectReference: {fileID: 0}
    - target: {fileID: 7683611188297625480, guid: 08768c6c5a80e884a8eb2437c327dfde,
        type: 3}
      propertyPath: m_LocalRotation.z
      value: 0.7071068
      objectReference: {fileID: 0}
    - target: {fileID: 7683611188297625480, guid: 08768c6c5a80e884a8eb2437c327dfde,
        type: 3}
      propertyPath: m_LocalRotation.w
      value: 0
      objectReference: {fileID: 0}
    - target: {fileID: 7683611188297625480, guid: 08768c6c5a80e884a8eb2437c327dfde,
        type: 3}
      propertyPath: m_RootOrder
      value: 14
      objectReference: {fileID: 0}
    - target: {fileID: 7683611188297625480, guid: 08768c6c5a80e884a8eb2437c327dfde,
        type: 3}
      propertyPath: m_LocalEulerAnglesHint.x
      value: -90.00001
      objectReference: {fileID: 0}
    - target: {fileID: 7683611188297625480, guid: 08768c6c5a80e884a8eb2437c327dfde,
        type: 3}
      propertyPath: m_LocalEulerAnglesHint.y
      value: 0
      objectReference: {fileID: 0}
    - target: {fileID: 7683611188297625480, guid: 08768c6c5a80e884a8eb2437c327dfde,
        type: 3}
      propertyPath: m_LocalEulerAnglesHint.z
      value: 180
      objectReference: {fileID: 0}
    m_RemovedComponents: []
  m_SourcePrefab: {fileID: 100100000, guid: 08768c6c5a80e884a8eb2437c327dfde, type: 3}
--- !u!4 &8922170943359358192 stripped
Transform:
  m_CorrespondingSourceObject: {fileID: 4661692229395339069, guid: 08768c6c5a80e884a8eb2437c327dfde,
    type: 3}
  m_PrefabInstance: {fileID: 4278493664418841549}
  m_PrefabAsset: {fileID: 0}
--- !u!1001 &4873599950024373793
PrefabInstance:
  m_ObjectHideFlags: 0
  serializedVersion: 2
  m_Modification:
    m_TransformParent: {fileID: 6921735033231164987}
    m_Modifications:
    - target: {fileID: -6836220009338333298, guid: fda0bd79016772f4b91f3ac319307d1f,
        type: 3}
      propertyPath: m_Enabled
      value: 0
      objectReference: {fileID: 0}
    - target: {fileID: 2588017868865587086, guid: fda0bd79016772f4b91f3ac319307d1f,
        type: 3}
      propertyPath: m_LocalPosition.x
      value: -2
      objectReference: {fileID: 0}
    - target: {fileID: 2588017868865587086, guid: fda0bd79016772f4b91f3ac319307d1f,
        type: 3}
      propertyPath: m_LocalPosition.y
      value: 0
      objectReference: {fileID: 0}
    - target: {fileID: 2588017868865587086, guid: fda0bd79016772f4b91f3ac319307d1f,
        type: 3}
      propertyPath: m_LocalPosition.z
      value: 0
      objectReference: {fileID: 0}
    - target: {fileID: 2588017868865587086, guid: fda0bd79016772f4b91f3ac319307d1f,
        type: 3}
      propertyPath: m_LocalRotation.x
      value: -0.7071068
      objectReference: {fileID: 0}
    - target: {fileID: 2588017868865587086, guid: fda0bd79016772f4b91f3ac319307d1f,
        type: 3}
      propertyPath: m_LocalRotation.y
      value: -0
      objectReference: {fileID: 0}
    - target: {fileID: 2588017868865587086, guid: fda0bd79016772f4b91f3ac319307d1f,
        type: 3}
      propertyPath: m_LocalRotation.z
      value: -0
      objectReference: {fileID: 0}
    - target: {fileID: 2588017868865587086, guid: fda0bd79016772f4b91f3ac319307d1f,
        type: 3}
      propertyPath: m_LocalRotation.w
      value: 0.7071068
      objectReference: {fileID: 0}
    - target: {fileID: 2588017868865587086, guid: fda0bd79016772f4b91f3ac319307d1f,
        type: 3}
      propertyPath: m_RootOrder
      value: 0
      objectReference: {fileID: 0}
    - target: {fileID: 2588017868865587086, guid: fda0bd79016772f4b91f3ac319307d1f,
        type: 3}
      propertyPath: m_LocalEulerAnglesHint.x
      value: 0
      objectReference: {fileID: 0}
    - target: {fileID: 2588017868865587086, guid: fda0bd79016772f4b91f3ac319307d1f,
        type: 3}
      propertyPath: m_LocalEulerAnglesHint.y
      value: 0
      objectReference: {fileID: 0}
    - target: {fileID: 2588017868865587086, guid: fda0bd79016772f4b91f3ac319307d1f,
        type: 3}
      propertyPath: m_LocalEulerAnglesHint.z
      value: 0
      objectReference: {fileID: 0}
    - target: {fileID: 2927810514805890356, guid: fda0bd79016772f4b91f3ac319307d1f,
        type: 3}
      propertyPath: m_Name
      value: central_wall_normal (1)
      objectReference: {fileID: 0}
    - target: {fileID: 8774375620144656870, guid: fda0bd79016772f4b91f3ac319307d1f,
        type: 3}
      propertyPath: m_LocalPosition.x
      value: 2
      objectReference: {fileID: 0}
    - target: {fileID: 8774375620144656870, guid: fda0bd79016772f4b91f3ac319307d1f,
        type: 3}
      propertyPath: m_LocalPosition.z
      value: 0
      objectReference: {fileID: 0}
    - target: {fileID: 8774375620144656870, guid: fda0bd79016772f4b91f3ac319307d1f,
        type: 3}
      propertyPath: m_RootOrder
      value: 7
      objectReference: {fileID: 0}
    m_RemovedComponents: []
  m_SourcePrefab: {fileID: 100100000, guid: fda0bd79016772f4b91f3ac319307d1f, type: 3}
--- !u!4 &4208149265333192647 stripped
Transform:
  m_CorrespondingSourceObject: {fileID: 8774375620144656870, guid: fda0bd79016772f4b91f3ac319307d1f,
    type: 3}
  m_PrefabInstance: {fileID: 4873599950024373793}
  m_PrefabAsset: {fileID: 0}
--- !u!1001 &5165198367427212574
PrefabInstance:
  m_ObjectHideFlags: 0
  serializedVersion: 2
  m_Modification:
    m_TransformParent: {fileID: 6921735033231164987}
    m_Modifications:
    - target: {fileID: -6836220009338333298, guid: fda0bd79016772f4b91f3ac319307d1f,
        type: 3}
      propertyPath: m_Enabled
      value: 0
      objectReference: {fileID: 0}
    - target: {fileID: 2588017868865587086, guid: fda0bd79016772f4b91f3ac319307d1f,
        type: 3}
      propertyPath: m_LocalPosition.x
      value: 2.0000005
      objectReference: {fileID: 0}
    - target: {fileID: 2588017868865587086, guid: fda0bd79016772f4b91f3ac319307d1f,
        type: 3}
      propertyPath: m_LocalPosition.y
      value: -0.00000047683716
      objectReference: {fileID: 0}
    - target: {fileID: 2588017868865587086, guid: fda0bd79016772f4b91f3ac319307d1f,
        type: 3}
      propertyPath: m_LocalPosition.z
      value: 0.0000009536743
      objectReference: {fileID: 0}
    - target: {fileID: 2588017868865587086, guid: fda0bd79016772f4b91f3ac319307d1f,
        type: 3}
      propertyPath: m_LocalRotation.x
      value: -0.7071068
      objectReference: {fileID: 0}
    - target: {fileID: 2588017868865587086, guid: fda0bd79016772f4b91f3ac319307d1f,
        type: 3}
      propertyPath: m_LocalRotation.y
      value: -0
      objectReference: {fileID: 0}
    - target: {fileID: 2588017868865587086, guid: fda0bd79016772f4b91f3ac319307d1f,
        type: 3}
      propertyPath: m_LocalRotation.z
      value: -0
      objectReference: {fileID: 0}
    - target: {fileID: 2588017868865587086, guid: fda0bd79016772f4b91f3ac319307d1f,
        type: 3}
      propertyPath: m_LocalRotation.w
      value: 0.7071068
      objectReference: {fileID: 0}
    - target: {fileID: 2588017868865587086, guid: fda0bd79016772f4b91f3ac319307d1f,
        type: 3}
      propertyPath: m_RootOrder
      value: 18
      objectReference: {fileID: 0}
    - target: {fileID: 2588017868865587086, guid: fda0bd79016772f4b91f3ac319307d1f,
        type: 3}
      propertyPath: m_LocalEulerAnglesHint.x
      value: 0
      objectReference: {fileID: 0}
    - target: {fileID: 2588017868865587086, guid: fda0bd79016772f4b91f3ac319307d1f,
        type: 3}
      propertyPath: m_LocalEulerAnglesHint.y
      value: 0
      objectReference: {fileID: 0}
    - target: {fileID: 2588017868865587086, guid: fda0bd79016772f4b91f3ac319307d1f,
        type: 3}
      propertyPath: m_LocalEulerAnglesHint.z
      value: 0
      objectReference: {fileID: 0}
    - target: {fileID: 2927810514805890356, guid: fda0bd79016772f4b91f3ac319307d1f,
        type: 3}
      propertyPath: m_Name
      value: central_wall_normal (5)
      objectReference: {fileID: 0}
    - target: {fileID: 8774375620144656870, guid: fda0bd79016772f4b91f3ac319307d1f,
        type: 3}
      propertyPath: m_LocalPosition.x
      value: 1
      objectReference: {fileID: 0}
    - target: {fileID: 8774375620144656870, guid: fda0bd79016772f4b91f3ac319307d1f,
        type: 3}
      propertyPath: m_LocalPosition.z
      value: 0
      objectReference: {fileID: 0}
    - target: {fileID: 8774375620144656870, guid: fda0bd79016772f4b91f3ac319307d1f,
        type: 3}
      propertyPath: m_RootOrder
      value: 9
      objectReference: {fileID: 0}
    m_RemovedComponents: []
  m_SourcePrefab: {fileID: 100100000, guid: fda0bd79016772f4b91f3ac319307d1f, type: 3}
--- !u!4 &4497583852176065784 stripped
Transform:
  m_CorrespondingSourceObject: {fileID: 8774375620144656870, guid: fda0bd79016772f4b91f3ac319307d1f,
    type: 3}
  m_PrefabInstance: {fileID: 5165198367427212574}
  m_PrefabAsset: {fileID: 0}
--- !u!1001 &5410101399181623502
PrefabInstance:
  m_ObjectHideFlags: 0
  serializedVersion: 2
  m_Modification:
    m_TransformParent: {fileID: 6921735033231164987}
    m_Modifications:
    - target: {fileID: 1421386343766627562, guid: 08768c6c5a80e884a8eb2437c327dfde,
        type: 3}
      propertyPath: m_Enabled
      value: 0
      objectReference: {fileID: 0}
    - target: {fileID: 4661692229395339069, guid: 08768c6c5a80e884a8eb2437c327dfde,
        type: 3}
      propertyPath: m_LocalPosition.x
      value: -2
      objectReference: {fileID: 0}
    - target: {fileID: 4661692229395339069, guid: 08768c6c5a80e884a8eb2437c327dfde,
        type: 3}
      propertyPath: m_LocalPosition.z
      value: -1
      objectReference: {fileID: 0}
    - target: {fileID: 4661692229395339069, guid: 08768c6c5a80e884a8eb2437c327dfde,
        type: 3}
      propertyPath: m_RootOrder
      value: 10
      objectReference: {fileID: 0}
    - target: {fileID: 4661692229395339069, guid: 08768c6c5a80e884a8eb2437c327dfde,
        type: 3}
      propertyPath: m_LocalRotation.x
      value: -0.7071068
      objectReference: {fileID: 0}
    - target: {fileID: 4661692229395339069, guid: 08768c6c5a80e884a8eb2437c327dfde,
        type: 3}
      propertyPath: m_LocalRotation.y
      value: 0
      objectReference: {fileID: 0}
    - target: {fileID: 4661692229395339069, guid: 08768c6c5a80e884a8eb2437c327dfde,
        type: 3}
      propertyPath: m_LocalRotation.z
      value: 0
      objectReference: {fileID: 0}
    - target: {fileID: 4661692229395339069, guid: 08768c6c5a80e884a8eb2437c327dfde,
        type: 3}
      propertyPath: m_LocalRotation.w
      value: 0.7071068
      objectReference: {fileID: 0}
    - target: {fileID: 4661692229395339069, guid: 08768c6c5a80e884a8eb2437c327dfde,
        type: 3}
      propertyPath: m_LocalEulerAnglesHint.x
      value: -90.00001
      objectReference: {fileID: 0}
    - target: {fileID: 7055587032265012530, guid: 08768c6c5a80e884a8eb2437c327dfde,
        type: 3}
      propertyPath: m_Name
      value: side_wall_normal (4)
      objectReference: {fileID: 0}
    - target: {fileID: 7683611188297625480, guid: 08768c6c5a80e884a8eb2437c327dfde,
        type: 3}
      propertyPath: m_LocalPosition.x
      value: -3
      objectReference: {fileID: 0}
    - target: {fileID: 7683611188297625480, guid: 08768c6c5a80e884a8eb2437c327dfde,
        type: 3}
      propertyPath: m_LocalPosition.y
      value: 0
      objectReference: {fileID: 0}
    - target: {fileID: 7683611188297625480, guid: 08768c6c5a80e884a8eb2437c327dfde,
        type: 3}
      propertyPath: m_LocalPosition.z
      value: 0
      objectReference: {fileID: 0}
    - target: {fileID: 7683611188297625480, guid: 08768c6c5a80e884a8eb2437c327dfde,
        type: 3}
      propertyPath: m_LocalRotation.x
      value: -0.5
      objectReference: {fileID: 0}
    - target: {fileID: 7683611188297625480, guid: 08768c6c5a80e884a8eb2437c327dfde,
        type: 3}
      propertyPath: m_LocalRotation.y
      value: 0.5
      objectReference: {fileID: 0}
    - target: {fileID: 7683611188297625480, guid: 08768c6c5a80e884a8eb2437c327dfde,
        type: 3}
      propertyPath: m_LocalRotation.z
      value: 0.5
      objectReference: {fileID: 0}
    - target: {fileID: 7683611188297625480, guid: 08768c6c5a80e884a8eb2437c327dfde,
        type: 3}
      propertyPath: m_LocalRotation.w
      value: 0.5
      objectReference: {fileID: 0}
    - target: {fileID: 7683611188297625480, guid: 08768c6c5a80e884a8eb2437c327dfde,
        type: 3}
      propertyPath: m_RootOrder
      value: 4
      objectReference: {fileID: 0}
    - target: {fileID: 7683611188297625480, guid: 08768c6c5a80e884a8eb2437c327dfde,
        type: 3}
      propertyPath: m_LocalEulerAnglesHint.x
      value: -90.00001
      objectReference: {fileID: 0}
    - target: {fileID: 7683611188297625480, guid: 08768c6c5a80e884a8eb2437c327dfde,
        type: 3}
      propertyPath: m_LocalEulerAnglesHint.y
      value: 0
      objectReference: {fileID: 0}
    - target: {fileID: 7683611188297625480, guid: 08768c6c5a80e884a8eb2437c327dfde,
        type: 3}
      propertyPath: m_LocalEulerAnglesHint.z
      value: 90
      objectReference: {fileID: 0}
    m_RemovedComponents: []
  m_SourcePrefab: {fileID: 100100000, guid: 08768c6c5a80e884a8eb2437c327dfde, type: 3}
--- !u!4 &839115308091201523 stripped
Transform:
  m_CorrespondingSourceObject: {fileID: 4661692229395339069, guid: 08768c6c5a80e884a8eb2437c327dfde,
    type: 3}
  m_PrefabInstance: {fileID: 5410101399181623502}
  m_PrefabAsset: {fileID: 0}
--- !u!1001 &5466616704749152765
PrefabInstance:
  m_ObjectHideFlags: 0
  serializedVersion: 2
  m_Modification:
    m_TransformParent: {fileID: 6921735033231164987}
    m_Modifications:
    - target: {fileID: 1421386343766627562, guid: 08768c6c5a80e884a8eb2437c327dfde,
        type: 3}
      propertyPath: m_Enabled
      value: 0
      objectReference: {fileID: 0}
    - target: {fileID: 4661692229395339069, guid: 08768c6c5a80e884a8eb2437c327dfde,
        type: 3}
      propertyPath: m_LocalPosition.z
      value: -1
      objectReference: {fileID: 0}
    - target: {fileID: 4661692229395339069, guid: 08768c6c5a80e884a8eb2437c327dfde,
        type: 3}
      propertyPath: m_RootOrder
      value: 11
      objectReference: {fileID: 0}
    - target: {fileID: 4661692229395339069, guid: 08768c6c5a80e884a8eb2437c327dfde,
        type: 3}
      propertyPath: m_LocalPosition.x
      value: 0
      objectReference: {fileID: 0}
    - target: {fileID: 4661692229395339069, guid: 08768c6c5a80e884a8eb2437c327dfde,
        type: 3}
      propertyPath: m_LocalRotation.x
      value: -0.7071068
      objectReference: {fileID: 0}
    - target: {fileID: 4661692229395339069, guid: 08768c6c5a80e884a8eb2437c327dfde,
        type: 3}
      propertyPath: m_LocalRotation.y
      value: 0
      objectReference: {fileID: 0}
    - target: {fileID: 4661692229395339069, guid: 08768c6c5a80e884a8eb2437c327dfde,
        type: 3}
      propertyPath: m_LocalRotation.z
      value: 0
      objectReference: {fileID: 0}
    - target: {fileID: 4661692229395339069, guid: 08768c6c5a80e884a8eb2437c327dfde,
        type: 3}
      propertyPath: m_LocalRotation.w
      value: 0.7071068
      objectReference: {fileID: 0}
    - target: {fileID: 4661692229395339069, guid: 08768c6c5a80e884a8eb2437c327dfde,
        type: 3}
      propertyPath: m_LocalEulerAnglesHint.x
      value: -90.00001
      objectReference: {fileID: 0}
    - target: {fileID: 7055587032265012530, guid: 08768c6c5a80e884a8eb2437c327dfde,
        type: 3}
      propertyPath: m_Name
      value: side_wall_normal (11)
      objectReference: {fileID: 0}
    - target: {fileID: 7683611188297625480, guid: 08768c6c5a80e884a8eb2437c327dfde,
        type: 3}
      propertyPath: m_LocalPosition.x
      value: 2.0000005
      objectReference: {fileID: 0}
    - target: {fileID: 7683611188297625480, guid: 08768c6c5a80e884a8eb2437c327dfde,
        type: 3}
      propertyPath: m_LocalPosition.y
      value: -0.00000047683716
      objectReference: {fileID: 0}
    - target: {fileID: 7683611188297625480, guid: 08768c6c5a80e884a8eb2437c327dfde,
        type: 3}
      propertyPath: m_LocalPosition.z
      value: -0.99999905
      objectReference: {fileID: 0}
    - target: {fileID: 7683611188297625480, guid: 08768c6c5a80e884a8eb2437c327dfde,
        type: 3}
      propertyPath: m_LocalRotation.x
      value: -0.7071068
      objectReference: {fileID: 0}
    - target: {fileID: 7683611188297625480, guid: 08768c6c5a80e884a8eb2437c327dfde,
        type: 3}
      propertyPath: m_LocalRotation.y
      value: -0
      objectReference: {fileID: 0}
    - target: {fileID: 7683611188297625480, guid: 08768c6c5a80e884a8eb2437c327dfde,
        type: 3}
      propertyPath: m_LocalRotation.z
      value: -0
      objectReference: {fileID: 0}
    - target: {fileID: 7683611188297625480, guid: 08768c6c5a80e884a8eb2437c327dfde,
        type: 3}
      propertyPath: m_LocalRotation.w
      value: 0.7071068
      objectReference: {fileID: 0}
    - target: {fileID: 7683611188297625480, guid: 08768c6c5a80e884a8eb2437c327dfde,
        type: 3}
      propertyPath: m_RootOrder
      value: 19
      objectReference: {fileID: 0}
    - target: {fileID: 7683611188297625480, guid: 08768c6c5a80e884a8eb2437c327dfde,
        type: 3}
      propertyPath: m_LocalEulerAnglesHint.x
      value: 0
      objectReference: {fileID: 0}
    - target: {fileID: 7683611188297625480, guid: 08768c6c5a80e884a8eb2437c327dfde,
        type: 3}
      propertyPath: m_LocalEulerAnglesHint.y
      value: 0
      objectReference: {fileID: 0}
    - target: {fileID: 7683611188297625480, guid: 08768c6c5a80e884a8eb2437c327dfde,
        type: 3}
      propertyPath: m_LocalEulerAnglesHint.z
      value: 0
      objectReference: {fileID: 0}
    m_RemovedComponents: []
  m_SourcePrefab: {fileID: 100100000, guid: 08768c6c5a80e884a8eb2437c327dfde, type: 3}
--- !u!4 &823308326950731456 stripped
Transform:
  m_CorrespondingSourceObject: {fileID: 4661692229395339069, guid: 08768c6c5a80e884a8eb2437c327dfde,
    type: 3}
  m_PrefabInstance: {fileID: 5466616704749152765}
  m_PrefabAsset: {fileID: 0}
--- !u!1001 &5797549972958035717
PrefabInstance:
  m_ObjectHideFlags: 0
  serializedVersion: 2
  m_Modification:
    m_TransformParent: {fileID: 6921735033231164987}
    m_Modifications:
    - target: {fileID: -6836220009338333298, guid: fda0bd79016772f4b91f3ac319307d1f,
        type: 3}
      propertyPath: m_Enabled
      value: 0
      objectReference: {fileID: 0}
    - target: {fileID: 2588017868865587086, guid: fda0bd79016772f4b91f3ac319307d1f,
        type: 3}
      propertyPath: m_LocalPosition.x
      value: 0.00000023841858
      objectReference: {fileID: 0}
    - target: {fileID: 2588017868865587086, guid: fda0bd79016772f4b91f3ac319307d1f,
        type: 3}
      propertyPath: m_LocalPosition.y
      value: 0.00000023841858
      objectReference: {fileID: 0}
    - target: {fileID: 2588017868865587086, guid: fda0bd79016772f4b91f3ac319307d1f,
        type: 3}
      propertyPath: m_LocalPosition.z
      value: 0.0000009536743
      objectReference: {fileID: 0}
    - target: {fileID: 2588017868865587086, guid: fda0bd79016772f4b91f3ac319307d1f,
        type: 3}
      propertyPath: m_LocalRotation.x
      value: -0.7071068
      objectReference: {fileID: 0}
    - target: {fileID: 2588017868865587086, guid: fda0bd79016772f4b91f3ac319307d1f,
        type: 3}
      propertyPath: m_LocalRotation.y
      value: -0
      objectReference: {fileID: 0}
    - target: {fileID: 2588017868865587086, guid: fda0bd79016772f4b91f3ac319307d1f,
        type: 3}
      propertyPath: m_LocalRotation.z
      value: -0
      objectReference: {fileID: 0}
    - target: {fileID: 2588017868865587086, guid: fda0bd79016772f4b91f3ac319307d1f,
        type: 3}
      propertyPath: m_LocalRotation.w
      value: 0.7071068
      objectReference: {fileID: 0}
    - target: {fileID: 2588017868865587086, guid: fda0bd79016772f4b91f3ac319307d1f,
        type: 3}
      propertyPath: m_RootOrder
      value: 12
      objectReference: {fileID: 0}
    - target: {fileID: 2588017868865587086, guid: fda0bd79016772f4b91f3ac319307d1f,
        type: 3}
      propertyPath: m_LocalEulerAnglesHint.x
      value: 0
      objectReference: {fileID: 0}
    - target: {fileID: 2588017868865587086, guid: fda0bd79016772f4b91f3ac319307d1f,
        type: 3}
      propertyPath: m_LocalEulerAnglesHint.y
      value: 0
      objectReference: {fileID: 0}
    - target: {fileID: 2588017868865587086, guid: fda0bd79016772f4b91f3ac319307d1f,
        type: 3}
      propertyPath: m_LocalEulerAnglesHint.z
      value: 0
      objectReference: {fileID: 0}
    - target: {fileID: 2927810514805890356, guid: fda0bd79016772f4b91f3ac319307d1f,
        type: 3}
      propertyPath: m_Name
      value: central_wall_normal (3)
      objectReference: {fileID: 0}
    - target: {fileID: 8774375620144656870, guid: fda0bd79016772f4b91f3ac319307d1f,
        type: 3}
      propertyPath: m_RootOrder
      value: 12
      objectReference: {fileID: 0}
    m_RemovedComponents: []
  m_SourcePrefab: {fileID: 100100000, guid: fda0bd79016772f4b91f3ac319307d1f, type: 3}
--- !u!4 &3004412055201304291 stripped
Transform:
  m_CorrespondingSourceObject: {fileID: 8774375620144656870, guid: fda0bd79016772f4b91f3ac319307d1f,
    type: 3}
  m_PrefabInstance: {fileID: 5797549972958035717}
  m_PrefabAsset: {fileID: 0}
--- !u!1001 &6475291605438706195
PrefabInstance:
  m_ObjectHideFlags: 0
  serializedVersion: 2
  m_Modification:
    m_TransformParent: {fileID: 6921735033231164987}
    m_Modifications:
    - target: {fileID: 1421386343766627562, guid: 08768c6c5a80e884a8eb2437c327dfde,
        type: 3}
      propertyPath: m_Enabled
      value: 0
      objectReference: {fileID: 0}
    - target: {fileID: 4661692229395339069, guid: 08768c6c5a80e884a8eb2437c327dfde,
        type: 3}
      propertyPath: m_LocalPosition.x
      value: 2
      objectReference: {fileID: 0}
    - target: {fileID: 4661692229395339069, guid: 08768c6c5a80e884a8eb2437c327dfde,
        type: 3}
      propertyPath: m_LocalPosition.z
      value: -1
      objectReference: {fileID: 0}
    - target: {fileID: 4661692229395339069, guid: 08768c6c5a80e884a8eb2437c327dfde,
        type: 3}
      propertyPath: m_RootOrder
      value: 13
      objectReference: {fileID: 0}
    - target: {fileID: 4661692229395339069, guid: 08768c6c5a80e884a8eb2437c327dfde,
        type: 3}
      propertyPath: m_LocalRotation.x
      value: -0.7071068
      objectReference: {fileID: 0}
    - target: {fileID: 4661692229395339069, guid: 08768c6c5a80e884a8eb2437c327dfde,
        type: 3}
      propertyPath: m_LocalRotation.y
      value: 0
      objectReference: {fileID: 0}
    - target: {fileID: 4661692229395339069, guid: 08768c6c5a80e884a8eb2437c327dfde,
        type: 3}
      propertyPath: m_LocalRotation.z
      value: 0
      objectReference: {fileID: 0}
    - target: {fileID: 4661692229395339069, guid: 08768c6c5a80e884a8eb2437c327dfde,
        type: 3}
      propertyPath: m_LocalRotation.w
      value: 0.7071068
      objectReference: {fileID: 0}
    - target: {fileID: 4661692229395339069, guid: 08768c6c5a80e884a8eb2437c327dfde,
        type: 3}
      propertyPath: m_LocalEulerAnglesHint.x
      value: -90.00001
      objectReference: {fileID: 0}
    - target: {fileID: 7055587032265012530, guid: 08768c6c5a80e884a8eb2437c327dfde,
        type: 3}
      propertyPath: m_Name
      value: side_wall_normal (3)
      objectReference: {fileID: 0}
    - target: {fileID: 7683611188297625480, guid: 08768c6c5a80e884a8eb2437c327dfde,
        type: 3}
      propertyPath: m_LocalPosition.x
      value: -2
      objectReference: {fileID: 0}
    - target: {fileID: 7683611188297625480, guid: 08768c6c5a80e884a8eb2437c327dfde,
        type: 3}
      propertyPath: m_LocalPosition.y
      value: 0
      objectReference: {fileID: 0}
    - target: {fileID: 7683611188297625480, guid: 08768c6c5a80e884a8eb2437c327dfde,
        type: 3}
      propertyPath: m_LocalPosition.z
      value: 1
      objectReference: {fileID: 0}
    - target: {fileID: 7683611188297625480, guid: 08768c6c5a80e884a8eb2437c327dfde,
        type: 3}
      propertyPath: m_LocalRotation.x
      value: -0
      objectReference: {fileID: 0}
    - target: {fileID: 7683611188297625480, guid: 08768c6c5a80e884a8eb2437c327dfde,
        type: 3}
      propertyPath: m_LocalRotation.y
      value: 0.7071068
      objectReference: {fileID: 0}
    - target: {fileID: 7683611188297625480, guid: 08768c6c5a80e884a8eb2437c327dfde,
        type: 3}
      propertyPath: m_LocalRotation.z
      value: 0.7071068
      objectReference: {fileID: 0}
    - target: {fileID: 7683611188297625480, guid: 08768c6c5a80e884a8eb2437c327dfde,
        type: 3}
      propertyPath: m_LocalRotation.w
      value: 0
      objectReference: {fileID: 0}
    - target: {fileID: 7683611188297625480, guid: 08768c6c5a80e884a8eb2437c327dfde,
        type: 3}
      propertyPath: m_RootOrder
      value: 3
      objectReference: {fileID: 0}
    - target: {fileID: 7683611188297625480, guid: 08768c6c5a80e884a8eb2437c327dfde,
        type: 3}
      propertyPath: m_LocalEulerAnglesHint.x
      value: -90.00001
      objectReference: {fileID: 0}
    - target: {fileID: 7683611188297625480, guid: 08768c6c5a80e884a8eb2437c327dfde,
        type: 3}
      propertyPath: m_LocalEulerAnglesHint.y
      value: 0
      objectReference: {fileID: 0}
    - target: {fileID: 7683611188297625480, guid: 08768c6c5a80e884a8eb2437c327dfde,
        type: 3}
      propertyPath: m_LocalEulerAnglesHint.z
      value: 180
      objectReference: {fileID: 0}
    m_RemovedComponents: []
  m_SourcePrefab: {fileID: 100100000, guid: 08768c6c5a80e884a8eb2437c327dfde, type: 3}
--- !u!4 &1832247110707242286 stripped
Transform:
  m_CorrespondingSourceObject: {fileID: 4661692229395339069, guid: 08768c6c5a80e884a8eb2437c327dfde,
    type: 3}
  m_PrefabInstance: {fileID: 6475291605438706195}
  m_PrefabAsset: {fileID: 0}
--- !u!1001 &6615338560318783024
PrefabInstance:
  m_ObjectHideFlags: 0
  serializedVersion: 2
  m_Modification:
    m_TransformParent: {fileID: 6921735033231164987}
    m_Modifications:
    - target: {fileID: 1421386343766627562, guid: 08768c6c5a80e884a8eb2437c327dfde,
        type: 3}
      propertyPath: m_Enabled
      value: 0
      objectReference: {fileID: 0}
    - target: {fileID: 4661692229395339069, guid: 08768c6c5a80e884a8eb2437c327dfde,
        type: 3}
      propertyPath: m_LocalPosition.z
      value: -1
      objectReference: {fileID: 0}
    - target: {fileID: 4661692229395339069, guid: 08768c6c5a80e884a8eb2437c327dfde,
        type: 3}
      propertyPath: m_RootOrder
      value: 14
      objectReference: {fileID: 0}
    - target: {fileID: 4661692229395339069, guid: 08768c6c5a80e884a8eb2437c327dfde,
        type: 3}
      propertyPath: m_LocalPosition.x
      value: 1
      objectReference: {fileID: 0}
    - target: {fileID: 4661692229395339069, guid: 08768c6c5a80e884a8eb2437c327dfde,
        type: 3}
      propertyPath: m_LocalRotation.x
      value: -0.7071068
      objectReference: {fileID: 0}
    - target: {fileID: 4661692229395339069, guid: 08768c6c5a80e884a8eb2437c327dfde,
        type: 3}
      propertyPath: m_LocalRotation.y
      value: 0
      objectReference: {fileID: 0}
    - target: {fileID: 4661692229395339069, guid: 08768c6c5a80e884a8eb2437c327dfde,
        type: 3}
      propertyPath: m_LocalRotation.z
      value: 0
      objectReference: {fileID: 0}
    - target: {fileID: 4661692229395339069, guid: 08768c6c5a80e884a8eb2437c327dfde,
        type: 3}
      propertyPath: m_LocalRotation.w
      value: 0.7071068
      objectReference: {fileID: 0}
    - target: {fileID: 4661692229395339069, guid: 08768c6c5a80e884a8eb2437c327dfde,
        type: 3}
      propertyPath: m_LocalEulerAnglesHint.x
      value: -90.00001
      objectReference: {fileID: 0}
    - target: {fileID: 7055587032265012530, guid: 08768c6c5a80e884a8eb2437c327dfde,
        type: 3}
      propertyPath: m_Name
      value: side_wall_normal (6)
      objectReference: {fileID: 0}
    - target: {fileID: 7683611188297625480, guid: 08768c6c5a80e884a8eb2437c327dfde,
        type: 3}
      propertyPath: m_LocalPosition.x
      value: -0.9999999
      objectReference: {fileID: 0}
    - target: {fileID: 7683611188297625480, guid: 08768c6c5a80e884a8eb2437c327dfde,
        type: 3}
      propertyPath: m_LocalPosition.y
      value: 0.00000011920929
      objectReference: {fileID: 0}
    - target: {fileID: 7683611188297625480, guid: 08768c6c5a80e884a8eb2437c327dfde,
        type: 3}
      propertyPath: m_LocalPosition.z
      value: 1.000001
      objectReference: {fileID: 0}
    - target: {fileID: 7683611188297625480, guid: 08768c6c5a80e884a8eb2437c327dfde,
        type: 3}
      propertyPath: m_LocalRotation.x
      value: -0
      objectReference: {fileID: 0}
    - target: {fileID: 7683611188297625480, guid: 08768c6c5a80e884a8eb2437c327dfde,
        type: 3}
      propertyPath: m_LocalRotation.y
      value: 0.7071068
      objectReference: {fileID: 0}
    - target: {fileID: 7683611188297625480, guid: 08768c6c5a80e884a8eb2437c327dfde,
        type: 3}
      propertyPath: m_LocalRotation.z
      value: 0.7071068
      objectReference: {fileID: 0}
    - target: {fileID: 7683611188297625480, guid: 08768c6c5a80e884a8eb2437c327dfde,
        type: 3}
      propertyPath: m_LocalRotation.w
      value: 0
      objectReference: {fileID: 0}
    - target: {fileID: 7683611188297625480, guid: 08768c6c5a80e884a8eb2437c327dfde,
        type: 3}
      propertyPath: m_RootOrder
      value: 11
      objectReference: {fileID: 0}
    - target: {fileID: 7683611188297625480, guid: 08768c6c5a80e884a8eb2437c327dfde,
        type: 3}
      propertyPath: m_LocalEulerAnglesHint.x
      value: -90.00001
      objectReference: {fileID: 0}
    - target: {fileID: 7683611188297625480, guid: 08768c6c5a80e884a8eb2437c327dfde,
        type: 3}
      propertyPath: m_LocalEulerAnglesHint.y
      value: 0
      objectReference: {fileID: 0}
    - target: {fileID: 7683611188297625480, guid: 08768c6c5a80e884a8eb2437c327dfde,
        type: 3}
      propertyPath: m_LocalEulerAnglesHint.z
      value: 180
      objectReference: {fileID: 0}
    m_RemovedComponents: []
  m_SourcePrefab: {fileID: 100100000, guid: 08768c6c5a80e884a8eb2437c327dfde, type: 3}
--- !u!4 &1981530220723726605 stripped
Transform:
  m_CorrespondingSourceObject: {fileID: 4661692229395339069, guid: 08768c6c5a80e884a8eb2437c327dfde,
    type: 3}
  m_PrefabInstance: {fileID: 6615338560318783024}
  m_PrefabAsset: {fileID: 0}
--- !u!1001 &6881235392438882603
PrefabInstance:
  m_ObjectHideFlags: 0
  serializedVersion: 2
  m_Modification:
    m_TransformParent: {fileID: 6921735033231164987}
    m_Modifications:
    - target: {fileID: 2641235204623245620, guid: f3418a16f7d8b2a47a156369c638eecf,
        type: 3}
      propertyPath: m_Enabled
      value: 0
      objectReference: {fileID: 0}
    - target: {fileID: 5166799276776995688, guid: f3418a16f7d8b2a47a156369c638eecf,
        type: 3}
      propertyPath: m_LocalPosition.x
      value: -3
      objectReference: {fileID: 0}
    - target: {fileID: 5166799276776995688, guid: f3418a16f7d8b2a47a156369c638eecf,
        type: 3}
      propertyPath: m_LocalPosition.y
      value: 0
      objectReference: {fileID: 0}
    - target: {fileID: 5166799276776995688, guid: f3418a16f7d8b2a47a156369c638eecf,
        type: 3}
      propertyPath: m_LocalPosition.z
      value: 1
      objectReference: {fileID: 0}
    - target: {fileID: 5166799276776995688, guid: f3418a16f7d8b2a47a156369c638eecf,
        type: 3}
      propertyPath: m_LocalRotation.x
      value: 0
      objectReference: {fileID: 0}
    - target: {fileID: 5166799276776995688, guid: f3418a16f7d8b2a47a156369c638eecf,
        type: 3}
      propertyPath: m_LocalRotation.y
      value: 0.7071068
      objectReference: {fileID: 0}
    - target: {fileID: 5166799276776995688, guid: f3418a16f7d8b2a47a156369c638eecf,
        type: 3}
      propertyPath: m_LocalRotation.z
      value: 0.7071068
      objectReference: {fileID: 0}
    - target: {fileID: 5166799276776995688, guid: f3418a16f7d8b2a47a156369c638eecf,
        type: 3}
      propertyPath: m_LocalRotation.w
      value: 0
      objectReference: {fileID: 0}
    - target: {fileID: 5166799276776995688, guid: f3418a16f7d8b2a47a156369c638eecf,
        type: 3}
      propertyPath: m_RootOrder
      value: 8
      objectReference: {fileID: 0}
    - target: {fileID: 5166799276776995688, guid: f3418a16f7d8b2a47a156369c638eecf,
        type: 3}
      propertyPath: m_LocalEulerAnglesHint.x
      value: -90.00001
      objectReference: {fileID: 0}
    - target: {fileID: 5166799276776995688, guid: f3418a16f7d8b2a47a156369c638eecf,
        type: 3}
      propertyPath: m_LocalEulerAnglesHint.y
      value: 0
      objectReference: {fileID: 0}
    - target: {fileID: 5166799276776995688, guid: f3418a16f7d8b2a47a156369c638eecf,
        type: 3}
      propertyPath: m_LocalEulerAnglesHint.z
      value: 180
      objectReference: {fileID: 0}
    - target: {fileID: 5548426209584079314, guid: f3418a16f7d8b2a47a156369c638eecf,
        type: 3}
      propertyPath: m_Name
      value: corner_wall (4)
      objectReference: {fileID: 0}
    - target: {fileID: 6681183642016951053, guid: f3418a16f7d8b2a47a156369c638eecf,
        type: 3}
      propertyPath: m_LocalPosition.x
      value: 3
      objectReference: {fileID: 0}
    - target: {fileID: 6681183642016951053, guid: f3418a16f7d8b2a47a156369c638eecf,
        type: 3}
      propertyPath: m_LocalPosition.z
      value: 1
      objectReference: {fileID: 0}
    - target: {fileID: 6681183642016951053, guid: f3418a16f7d8b2a47a156369c638eecf,
        type: 3}
      propertyPath: m_RootOrder
      value: 8
      objectReference: {fileID: 0}
    - target: {fileID: 6681183642016951053, guid: f3418a16f7d8b2a47a156369c638eecf,
        type: 3}
      propertyPath: m_LocalRotation.x
      value: -0.5
      objectReference: {fileID: 0}
    - target: {fileID: 6681183642016951053, guid: f3418a16f7d8b2a47a156369c638eecf,
        type: 3}
      propertyPath: m_LocalRotation.y
      value: -0.5
      objectReference: {fileID: 0}
    - target: {fileID: 6681183642016951053, guid: f3418a16f7d8b2a47a156369c638eecf,
        type: 3}
      propertyPath: m_LocalRotation.z
      value: -0.5
      objectReference: {fileID: 0}
    - target: {fileID: 6681183642016951053, guid: f3418a16f7d8b2a47a156369c638eecf,
        type: 3}
      propertyPath: m_LocalRotation.w
      value: 0.5
      objectReference: {fileID: 0}
    - target: {fileID: 6681183642016951053, guid: f3418a16f7d8b2a47a156369c638eecf,
        type: 3}
      propertyPath: m_LocalEulerAnglesHint.z
      value: -90
      objectReference: {fileID: 0}
    m_RemovedComponents: []
  m_SourcePrefab: {fileID: 100100000, guid: f3418a16f7d8b2a47a156369c638eecf, type: 3}
--- !u!4 &272285525681404454 stripped
Transform:
  m_CorrespondingSourceObject: {fileID: 6681183642016951053, guid: f3418a16f7d8b2a47a156369c638eecf,
    type: 3}
  m_PrefabInstance: {fileID: 6881235392438882603}
  m_PrefabAsset: {fileID: 0}
--- !u!1001 &7150717021373150747
PrefabInstance:
  m_ObjectHideFlags: 0
  serializedVersion: 2
  m_Modification:
    m_TransformParent: {fileID: 6921735033231164987}
    m_Modifications:
    - target: {fileID: -6836220009338333298, guid: fda0bd79016772f4b91f3ac319307d1f,
        type: 3}
      propertyPath: m_Enabled
      value: 0
      objectReference: {fileID: 0}
    - target: {fileID: 2588017868865587086, guid: fda0bd79016772f4b91f3ac319307d1f,
        type: 3}
      propertyPath: m_LocalPosition.x
      value: -0.9999999
      objectReference: {fileID: 0}
    - target: {fileID: 2588017868865587086, guid: fda0bd79016772f4b91f3ac319307d1f,
        type: 3}
      propertyPath: m_LocalPosition.y
      value: 0.00000011920929
      objectReference: {fileID: 0}
    - target: {fileID: 2588017868865587086, guid: fda0bd79016772f4b91f3ac319307d1f,
        type: 3}
      propertyPath: m_LocalPosition.z
      value: 0.0000009536743
      objectReference: {fileID: 0}
    - target: {fileID: 2588017868865587086, guid: fda0bd79016772f4b91f3ac319307d1f,
        type: 3}
      propertyPath: m_LocalRotation.x
      value: -0.7071068
      objectReference: {fileID: 0}
    - target: {fileID: 2588017868865587086, guid: fda0bd79016772f4b91f3ac319307d1f,
        type: 3}
      propertyPath: m_LocalRotation.y
      value: -0
      objectReference: {fileID: 0}
    - target: {fileID: 2588017868865587086, guid: fda0bd79016772f4b91f3ac319307d1f,
        type: 3}
      propertyPath: m_LocalRotation.z
      value: -0
      objectReference: {fileID: 0}
    - target: {fileID: 2588017868865587086, guid: fda0bd79016772f4b91f3ac319307d1f,
        type: 3}
      propertyPath: m_LocalRotation.w
      value: 0.7071068
      objectReference: {fileID: 0}
    - target: {fileID: 2588017868865587086, guid: fda0bd79016772f4b91f3ac319307d1f,
        type: 3}
      propertyPath: m_RootOrder
      value: 9
      objectReference: {fileID: 0}
    - target: {fileID: 2588017868865587086, guid: fda0bd79016772f4b91f3ac319307d1f,
        type: 3}
      propertyPath: m_LocalEulerAnglesHint.x
      value: 0
      objectReference: {fileID: 0}
    - target: {fileID: 2588017868865587086, guid: fda0bd79016772f4b91f3ac319307d1f,
        type: 3}
      propertyPath: m_LocalEulerAnglesHint.y
      value: 0
      objectReference: {fileID: 0}
    - target: {fileID: 2588017868865587086, guid: fda0bd79016772f4b91f3ac319307d1f,
        type: 3}
      propertyPath: m_LocalEulerAnglesHint.z
      value: 0
      objectReference: {fileID: 0}
    - target: {fileID: 2927810514805890356, guid: fda0bd79016772f4b91f3ac319307d1f,
        type: 3}
      propertyPath: m_Name
      value: central_wall_normal (2)
      objectReference: {fileID: 0}
    - target: {fileID: 8774375620144656870, guid: fda0bd79016772f4b91f3ac319307d1f,
        type: 3}
      propertyPath: m_LocalPosition.x
      value: -2
      objectReference: {fileID: 0}
    - target: {fileID: 8774375620144656870, guid: fda0bd79016772f4b91f3ac319307d1f,
        type: 3}
      propertyPath: m_LocalPosition.z
      value: 0
      objectReference: {fileID: 0}
    - target: {fileID: 8774375620144656870, guid: fda0bd79016772f4b91f3ac319307d1f,
        type: 3}
      propertyPath: m_RootOrder
      value: 16
      objectReference: {fileID: 0}
    m_RemovedComponents: []
  m_SourcePrefab: {fileID: 100100000, guid: fda0bd79016772f4b91f3ac319307d1f, type: 3}
--- !u!4 &1943491384025073661 stripped
Transform:
  m_CorrespondingSourceObject: {fileID: 8774375620144656870, guid: fda0bd79016772f4b91f3ac319307d1f,
    type: 3}
  m_PrefabInstance: {fileID: 7150717021373150747}
  m_PrefabAsset: {fileID: 0}
--- !u!1001 &7160416021883560253
PrefabInstance:
  m_ObjectHideFlags: 0
  serializedVersion: 2
  m_Modification:
    m_TransformParent: {fileID: 6921735033231164987}
    m_Modifications:
    - target: {fileID: 1421386343766627562, guid: 08768c6c5a80e884a8eb2437c327dfde,
        type: 3}
      propertyPath: m_Enabled
      value: 0
      objectReference: {fileID: 0}
    - target: {fileID: 4661692229395339069, guid: 08768c6c5a80e884a8eb2437c327dfde,
        type: 3}
      propertyPath: m_LocalPosition.x
      value: 2
      objectReference: {fileID: 0}
    - target: {fileID: 4661692229395339069, guid: 08768c6c5a80e884a8eb2437c327dfde,
        type: 3}
      propertyPath: m_LocalPosition.z
      value: 1
      objectReference: {fileID: 0}
    - target: {fileID: 4661692229395339069, guid: 08768c6c5a80e884a8eb2437c327dfde,
        type: 3}
      propertyPath: m_RootOrder
      value: 17
      objectReference: {fileID: 0}
    - target: {fileID: 4661692229395339069, guid: 08768c6c5a80e884a8eb2437c327dfde,
        type: 3}
      propertyPath: m_LocalRotation.x
      value: 0
      objectReference: {fileID: 0}
    - target: {fileID: 4661692229395339069, guid: 08768c6c5a80e884a8eb2437c327dfde,
        type: 3}
      propertyPath: m_LocalRotation.y
      value: 0.7071068
      objectReference: {fileID: 0}
    - target: {fileID: 4661692229395339069, guid: 08768c6c5a80e884a8eb2437c327dfde,
        type: 3}
      propertyPath: m_LocalRotation.z
      value: 0.7071068
      objectReference: {fileID: 0}
    - target: {fileID: 4661692229395339069, guid: 08768c6c5a80e884a8eb2437c327dfde,
        type: 3}
      propertyPath: m_LocalRotation.w
      value: 0
      objectReference: {fileID: 0}
    - target: {fileID: 4661692229395339069, guid: 08768c6c5a80e884a8eb2437c327dfde,
        type: 3}
      propertyPath: m_LocalEulerAnglesHint.x
      value: -90.00001
      objectReference: {fileID: 0}
    - target: {fileID: 4661692229395339069, guid: 08768c6c5a80e884a8eb2437c327dfde,
        type: 3}
      propertyPath: m_LocalEulerAnglesHint.z
      value: 180
      objectReference: {fileID: 0}
    - target: {fileID: 7055587032265012530, guid: 08768c6c5a80e884a8eb2437c327dfde,
        type: 3}
      propertyPath: m_Name
      value: side_wall_normal (12)
      objectReference: {fileID: 0}
    - target: {fileID: 7683611188297625480, guid: 08768c6c5a80e884a8eb2437c327dfde,
        type: 3}
      propertyPath: m_LocalPosition.x
      value: 2.0000005
      objectReference: {fileID: 0}
    - target: {fileID: 7683611188297625480, guid: 08768c6c5a80e884a8eb2437c327dfde,
        type: 3}
      propertyPath: m_LocalPosition.y
      value: -0.00000047683716
      objectReference: {fileID: 0}
    - target: {fileID: 7683611188297625480, guid: 08768c6c5a80e884a8eb2437c327dfde,
        type: 3}
      propertyPath: m_LocalPosition.z
      value: 1.000001
      objectReference: {fileID: 0}
    - target: {fileID: 7683611188297625480, guid: 08768c6c5a80e884a8eb2437c327dfde,
        type: 3}
      propertyPath: m_LocalRotation.x
      value: -0
      objectReference: {fileID: 0}
    - target: {fileID: 7683611188297625480, guid: 08768c6c5a80e884a8eb2437c327dfde,
        type: 3}
      propertyPath: m_LocalRotation.y
      value: 0.7071068
      objectReference: {fileID: 0}
    - target: {fileID: 7683611188297625480, guid: 08768c6c5a80e884a8eb2437c327dfde,
        type: 3}
      propertyPath: m_LocalRotation.z
      value: 0.7071068
      objectReference: {fileID: 0}
    - target: {fileID: 7683611188297625480, guid: 08768c6c5a80e884a8eb2437c327dfde,
        type: 3}
      propertyPath: m_LocalRotation.w
      value: 0
      objectReference: {fileID: 0}
    - target: {fileID: 7683611188297625480, guid: 08768c6c5a80e884a8eb2437c327dfde,
        type: 3}
      propertyPath: m_RootOrder
      value: 20
      objectReference: {fileID: 0}
    - target: {fileID: 7683611188297625480, guid: 08768c6c5a80e884a8eb2437c327dfde,
        type: 3}
      propertyPath: m_LocalEulerAnglesHint.x
      value: -90.00001
      objectReference: {fileID: 0}
    - target: {fileID: 7683611188297625480, guid: 08768c6c5a80e884a8eb2437c327dfde,
        type: 3}
      propertyPath: m_LocalEulerAnglesHint.y
      value: 0
      objectReference: {fileID: 0}
    - target: {fileID: 7683611188297625480, guid: 08768c6c5a80e884a8eb2437c327dfde,
        type: 3}
      propertyPath: m_LocalEulerAnglesHint.z
      value: 180
      objectReference: {fileID: 0}
    m_RemovedComponents: []
  m_SourcePrefab: {fileID: 100100000, guid: 08768c6c5a80e884a8eb2437c327dfde, type: 3}
--- !u!4 &2589358737440142848 stripped
Transform:
  m_CorrespondingSourceObject: {fileID: 4661692229395339069, guid: 08768c6c5a80e884a8eb2437c327dfde,
    type: 3}
  m_PrefabInstance: {fileID: 7160416021883560253}
  m_PrefabAsset: {fileID: 0}
--- !u!1001 &7446918523378821422
PrefabInstance:
  m_ObjectHideFlags: 0
  serializedVersion: 2
  m_Modification:
    m_TransformParent: {fileID: 6921735033231164987}
    m_Modifications:
    - target: {fileID: 1421386343766627562, guid: 08768c6c5a80e884a8eb2437c327dfde,
        type: 3}
      propertyPath: m_Enabled
      value: 0
      objectReference: {fileID: 0}
    - target: {fileID: 4661692229395339069, guid: 08768c6c5a80e884a8eb2437c327dfde,
        type: 3}
      propertyPath: m_LocalPosition.x
      value: -2
      objectReference: {fileID: 0}
    - target: {fileID: 4661692229395339069, guid: 08768c6c5a80e884a8eb2437c327dfde,
        type: 3}
      propertyPath: m_LocalPosition.z
      value: 1
      objectReference: {fileID: 0}
    - target: {fileID: 4661692229395339069, guid: 08768c6c5a80e884a8eb2437c327dfde,
        type: 3}
      propertyPath: m_RootOrder
      value: 19
      objectReference: {fileID: 0}
    - target: {fileID: 4661692229395339069, guid: 08768c6c5a80e884a8eb2437c327dfde,
        type: 3}
      propertyPath: m_LocalRotation.x
      value: 0
      objectReference: {fileID: 0}
    - target: {fileID: 4661692229395339069, guid: 08768c6c5a80e884a8eb2437c327dfde,
        type: 3}
      propertyPath: m_LocalRotation.y
      value: 0.7071068
      objectReference: {fileID: 0}
    - target: {fileID: 4661692229395339069, guid: 08768c6c5a80e884a8eb2437c327dfde,
        type: 3}
      propertyPath: m_LocalRotation.z
      value: 0.7071068
      objectReference: {fileID: 0}
    - target: {fileID: 4661692229395339069, guid: 08768c6c5a80e884a8eb2437c327dfde,
        type: 3}
      propertyPath: m_LocalRotation.w
      value: 0
      objectReference: {fileID: 0}
    - target: {fileID: 4661692229395339069, guid: 08768c6c5a80e884a8eb2437c327dfde,
        type: 3}
      propertyPath: m_LocalEulerAnglesHint.x
      value: -90.00001
      objectReference: {fileID: 0}
    - target: {fileID: 4661692229395339069, guid: 08768c6c5a80e884a8eb2437c327dfde,
        type: 3}
      propertyPath: m_LocalEulerAnglesHint.z
      value: 180
      objectReference: {fileID: 0}
    - target: {fileID: 7055587032265012530, guid: 08768c6c5a80e884a8eb2437c327dfde,
        type: 3}
      propertyPath: m_Name
      value: side_wall_normal (10)
      objectReference: {fileID: 0}
    - target: {fileID: 7683611188297625480, guid: 08768c6c5a80e884a8eb2437c327dfde,
        type: 3}
      propertyPath: m_LocalPosition.x
      value: 1.0000005
      objectReference: {fileID: 0}
    - target: {fileID: 7683611188297625480, guid: 08768c6c5a80e884a8eb2437c327dfde,
        type: 3}
      propertyPath: m_LocalPosition.y
      value: -0.00000047683716
      objectReference: {fileID: 0}
    - target: {fileID: 7683611188297625480, guid: 08768c6c5a80e884a8eb2437c327dfde,
        type: 3}
      propertyPath: m_LocalPosition.z
      value: 1.000001
      objectReference: {fileID: 0}
    - target: {fileID: 7683611188297625480, guid: 08768c6c5a80e884a8eb2437c327dfde,
        type: 3}
      propertyPath: m_LocalRotation.x
      value: -0
      objectReference: {fileID: 0}
    - target: {fileID: 7683611188297625480, guid: 08768c6c5a80e884a8eb2437c327dfde,
        type: 3}
      propertyPath: m_LocalRotation.y
      value: 0.7071068
      objectReference: {fileID: 0}
    - target: {fileID: 7683611188297625480, guid: 08768c6c5a80e884a8eb2437c327dfde,
        type: 3}
      propertyPath: m_LocalRotation.z
      value: 0.7071068
      objectReference: {fileID: 0}
    - target: {fileID: 7683611188297625480, guid: 08768c6c5a80e884a8eb2437c327dfde,
        type: 3}
      propertyPath: m_LocalRotation.w
      value: 0
      objectReference: {fileID: 0}
    - target: {fileID: 7683611188297625480, guid: 08768c6c5a80e884a8eb2437c327dfde,
        type: 3}
      propertyPath: m_RootOrder
      value: 17
      objectReference: {fileID: 0}
    - target: {fileID: 7683611188297625480, guid: 08768c6c5a80e884a8eb2437c327dfde,
        type: 3}
      propertyPath: m_LocalEulerAnglesHint.x
      value: -90.00001
      objectReference: {fileID: 0}
    - target: {fileID: 7683611188297625480, guid: 08768c6c5a80e884a8eb2437c327dfde,
        type: 3}
      propertyPath: m_LocalEulerAnglesHint.y
      value: 0
      objectReference: {fileID: 0}
    - target: {fileID: 7683611188297625480, guid: 08768c6c5a80e884a8eb2437c327dfde,
        type: 3}
      propertyPath: m_LocalEulerAnglesHint.z
      value: 180
      objectReference: {fileID: 0}
    m_RemovedComponents: []
  m_SourcePrefab: {fileID: 100100000, guid: 08768c6c5a80e884a8eb2437c327dfde, type: 3}
--- !u!4 &2875949216743276051 stripped
Transform:
  m_CorrespondingSourceObject: {fileID: 4661692229395339069, guid: 08768c6c5a80e884a8eb2437c327dfde,
    type: 3}
  m_PrefabInstance: {fileID: 7446918523378821422}
  m_PrefabAsset: {fileID: 0}
--- !u!1001 &7773485524564988287
PrefabInstance:
  m_ObjectHideFlags: 0
  serializedVersion: 2
  m_Modification:
    m_TransformParent: {fileID: 6921735033231164987}
    m_Modifications:
    - target: {fileID: -6836220009338333298, guid: fda0bd79016772f4b91f3ac319307d1f,
        type: 3}
      propertyPath: m_Enabled
      value: 0
      objectReference: {fileID: 0}
    - target: {fileID: 2588017868865587086, guid: fda0bd79016772f4b91f3ac319307d1f,
        type: 3}
      propertyPath: m_LocalPosition.x
      value: 1.0000005
      objectReference: {fileID: 0}
    - target: {fileID: 2588017868865587086, guid: fda0bd79016772f4b91f3ac319307d1f,
        type: 3}
      propertyPath: m_LocalPosition.y
      value: -0.00000047683716
      objectReference: {fileID: 0}
    - target: {fileID: 2588017868865587086, guid: fda0bd79016772f4b91f3ac319307d1f,
        type: 3}
      propertyPath: m_LocalPosition.z
      value: 0.0000009536743
      objectReference: {fileID: 0}
    - target: {fileID: 2588017868865587086, guid: fda0bd79016772f4b91f3ac319307d1f,
        type: 3}
      propertyPath: m_LocalRotation.x
      value: -0.7071068
      objectReference: {fileID: 0}
    - target: {fileID: 2588017868865587086, guid: fda0bd79016772f4b91f3ac319307d1f,
        type: 3}
      propertyPath: m_LocalRotation.y
      value: -0
      objectReference: {fileID: 0}
    - target: {fileID: 2588017868865587086, guid: fda0bd79016772f4b91f3ac319307d1f,
        type: 3}
      propertyPath: m_LocalRotation.z
      value: -0
      objectReference: {fileID: 0}
    - target: {fileID: 2588017868865587086, guid: fda0bd79016772f4b91f3ac319307d1f,
        type: 3}
      propertyPath: m_LocalRotation.w
      value: 0.7071068
      objectReference: {fileID: 0}
    - target: {fileID: 2588017868865587086, guid: fda0bd79016772f4b91f3ac319307d1f,
        type: 3}
      propertyPath: m_RootOrder
      value: 15
      objectReference: {fileID: 0}
    - target: {fileID: 2588017868865587086, guid: fda0bd79016772f4b91f3ac319307d1f,
        type: 3}
      propertyPath: m_LocalEulerAnglesHint.x
      value: 0
      objectReference: {fileID: 0}
    - target: {fileID: 2588017868865587086, guid: fda0bd79016772f4b91f3ac319307d1f,
        type: 3}
      propertyPath: m_LocalEulerAnglesHint.y
      value: 0
      objectReference: {fileID: 0}
    - target: {fileID: 2588017868865587086, guid: fda0bd79016772f4b91f3ac319307d1f,
        type: 3}
      propertyPath: m_LocalEulerAnglesHint.z
      value: 0
      objectReference: {fileID: 0}
    - target: {fileID: 2927810514805890356, guid: fda0bd79016772f4b91f3ac319307d1f,
        type: 3}
      propertyPath: m_Name
      value: central_wall_normal (4)
      objectReference: {fileID: 0}
    - target: {fileID: 8774375620144656870, guid: fda0bd79016772f4b91f3ac319307d1f,
        type: 3}
      propertyPath: m_LocalPosition.x
      value: -1
      objectReference: {fileID: 0}
    - target: {fileID: 8774375620144656870, guid: fda0bd79016772f4b91f3ac319307d1f,
        type: 3}
      propertyPath: m_LocalPosition.z
      value: 0
      objectReference: {fileID: 0}
    - target: {fileID: 8774375620144656870, guid: fda0bd79016772f4b91f3ac319307d1f,
        type: 3}
      propertyPath: m_RootOrder
      value: 20
      objectReference: {fileID: 0}
    m_RemovedComponents: []
  m_SourcePrefab: {fileID: 100100000, guid: fda0bd79016772f4b91f3ac319307d1f, type: 3}
--- !u!4 &1307222316388163737 stripped
Transform:
  m_CorrespondingSourceObject: {fileID: 8774375620144656870, guid: fda0bd79016772f4b91f3ac319307d1f,
    type: 3}
  m_PrefabInstance: {fileID: 7773485524564988287}
  m_PrefabAsset: {fileID: 0}
--- !u!1001 &8351665013093599391
PrefabInstance:
  m_ObjectHideFlags: 0
  serializedVersion: 2
  m_Modification:
    m_TransformParent: {fileID: 6921735033231164987}
    m_Modifications:
    - target: {fileID: 2641235204623245620, guid: f3418a16f7d8b2a47a156369c638eecf,
        type: 3}
      propertyPath: m_Enabled
      value: 0
      objectReference: {fileID: 0}
    - target: {fileID: 5166799276776995688, guid: f3418a16f7d8b2a47a156369c638eecf,
        type: 3}
      propertyPath: m_LocalPosition.x
      value: 3.0000005
      objectReference: {fileID: 0}
    - target: {fileID: 5166799276776995688, guid: f3418a16f7d8b2a47a156369c638eecf,
        type: 3}
      propertyPath: m_LocalPosition.y
      value: -0.00000047683716
      objectReference: {fileID: 0}
    - target: {fileID: 5166799276776995688, guid: f3418a16f7d8b2a47a156369c638eecf,
        type: 3}
      propertyPath: m_LocalPosition.z
      value: -0.99999905
      objectReference: {fileID: 0}
    - target: {fileID: 5166799276776995688, guid: f3418a16f7d8b2a47a156369c638eecf,
        type: 3}
      propertyPath: m_LocalRotation.x
      value: -0.7071068
      objectReference: {fileID: 0}
    - target: {fileID: 5166799276776995688, guid: f3418a16f7d8b2a47a156369c638eecf,
        type: 3}
      propertyPath: m_LocalRotation.y
      value: -0
      objectReference: {fileID: 0}
    - target: {fileID: 5166799276776995688, guid: f3418a16f7d8b2a47a156369c638eecf,
        type: 3}
      propertyPath: m_LocalRotation.z
      value: -0
      objectReference: {fileID: 0}
    - target: {fileID: 5166799276776995688, guid: f3418a16f7d8b2a47a156369c638eecf,
        type: 3}
      propertyPath: m_LocalRotation.w
      value: 0.7071068
      objectReference: {fileID: 0}
    - target: {fileID: 5166799276776995688, guid: f3418a16f7d8b2a47a156369c638eecf,
        type: 3}
      propertyPath: m_RootOrder
      value: 5
      objectReference: {fileID: 0}
    - target: {fileID: 5166799276776995688, guid: f3418a16f7d8b2a47a156369c638eecf,
        type: 3}
      propertyPath: m_LocalEulerAnglesHint.x
      value: 0
      objectReference: {fileID: 0}
    - target: {fileID: 5166799276776995688, guid: f3418a16f7d8b2a47a156369c638eecf,
        type: 3}
      propertyPath: m_LocalEulerAnglesHint.y
      value: 0
      objectReference: {fileID: 0}
    - target: {fileID: 5166799276776995688, guid: f3418a16f7d8b2a47a156369c638eecf,
        type: 3}
      propertyPath: m_LocalEulerAnglesHint.z
      value: 0
      objectReference: {fileID: 0}
    - target: {fileID: 5548426209584079314, guid: f3418a16f7d8b2a47a156369c638eecf,
        type: 3}
      propertyPath: m_Name
      value: corner_wall (1)
      objectReference: {fileID: 0}
    - target: {fileID: 6681183642016951053, guid: f3418a16f7d8b2a47a156369c638eecf,
        type: 3}
      propertyPath: m_LocalPosition.x
      value: -3
      objectReference: {fileID: 0}
    - target: {fileID: 6681183642016951053, guid: f3418a16f7d8b2a47a156369c638eecf,
        type: 3}
      propertyPath: m_RootOrder
      value: 15
      objectReference: {fileID: 0}
    - target: {fileID: 6681183642016951053, guid: f3418a16f7d8b2a47a156369c638eecf,
        type: 3}
      propertyPath: m_LocalPosition.y
      value: 0
      objectReference: {fileID: 0}
    - target: {fileID: 6681183642016951053, guid: f3418a16f7d8b2a47a156369c638eecf,
        type: 3}
      propertyPath: m_LocalPosition.z
      value: -1
      objectReference: {fileID: 0}
    - target: {fileID: 6681183642016951053, guid: f3418a16f7d8b2a47a156369c638eecf,
        type: 3}
      propertyPath: m_LocalRotation.x
      value: -0.5
      objectReference: {fileID: 0}
    - target: {fileID: 6681183642016951053, guid: f3418a16f7d8b2a47a156369c638eecf,
        type: 3}
      propertyPath: m_LocalRotation.y
      value: 0.5
      objectReference: {fileID: 0}
    - target: {fileID: 6681183642016951053, guid: f3418a16f7d8b2a47a156369c638eecf,
        type: 3}
      propertyPath: m_LocalRotation.z
      value: 0.5
      objectReference: {fileID: 0}
    - target: {fileID: 6681183642016951053, guid: f3418a16f7d8b2a47a156369c638eecf,
        type: 3}
      propertyPath: m_LocalRotation.w
      value: 0.5
      objectReference: {fileID: 0}
    - target: {fileID: 6681183642016951053, guid: f3418a16f7d8b2a47a156369c638eecf,
        type: 3}
      propertyPath: m_LocalEulerAnglesHint.z
      value: 90
      objectReference: {fileID: 0}
    m_RemovedComponents: []
  m_SourcePrefab: {fileID: 100100000, guid: f3418a16f7d8b2a47a156369c638eecf, type: 3}
--- !u!4 &3413524056317797266 stripped
Transform:
  m_CorrespondingSourceObject: {fileID: 6681183642016951053, guid: f3418a16f7d8b2a47a156369c638eecf,
    type: 3}
  m_PrefabInstance: {fileID: 8351665013093599391}
  m_PrefabAsset: {fileID: 0}
--- !u!1001 &8423854709879386119
PrefabInstance:
  m_ObjectHideFlags: 0
  serializedVersion: 2
  m_Modification:
    m_TransformParent: {fileID: 6921735033231164987}
    m_Modifications:
    - target: {fileID: 2641235204623245620, guid: f3418a16f7d8b2a47a156369c638eecf,
        type: 3}
      propertyPath: m_Enabled
      value: 0
      objectReference: {fileID: 0}
    - target: {fileID: 5166799276776995688, guid: f3418a16f7d8b2a47a156369c638eecf,
        type: 3}
      propertyPath: m_LocalPosition.x
      value: 3.0000005
      objectReference: {fileID: 0}
    - target: {fileID: 5166799276776995688, guid: f3418a16f7d8b2a47a156369c638eecf,
        type: 3}
      propertyPath: m_LocalPosition.y
      value: -0.00000047683716
      objectReference: {fileID: 0}
    - target: {fileID: 5166799276776995688, guid: f3418a16f7d8b2a47a156369c638eecf,
        type: 3}
      propertyPath: m_LocalPosition.z
      value: 1.000001
      objectReference: {fileID: 0}
    - target: {fileID: 5166799276776995688, guid: f3418a16f7d8b2a47a156369c638eecf,
        type: 3}
      propertyPath: m_LocalRotation.x
      value: -0.5
      objectReference: {fileID: 0}
    - target: {fileID: 5166799276776995688, guid: f3418a16f7d8b2a47a156369c638eecf,
        type: 3}
      propertyPath: m_LocalRotation.y
      value: -0.5
      objectReference: {fileID: 0}
    - target: {fileID: 5166799276776995688, guid: f3418a16f7d8b2a47a156369c638eecf,
        type: 3}
      propertyPath: m_LocalRotation.z
      value: -0.5
      objectReference: {fileID: 0}
    - target: {fileID: 5166799276776995688, guid: f3418a16f7d8b2a47a156369c638eecf,
        type: 3}
      propertyPath: m_LocalRotation.w
      value: 0.5
      objectReference: {fileID: 0}
    - target: {fileID: 5166799276776995688, guid: f3418a16f7d8b2a47a156369c638eecf,
        type: 3}
      propertyPath: m_RootOrder
      value: 7
      objectReference: {fileID: 0}
    - target: {fileID: 5166799276776995688, guid: f3418a16f7d8b2a47a156369c638eecf,
        type: 3}
      propertyPath: m_LocalEulerAnglesHint.x
      value: -90.00001
      objectReference: {fileID: 0}
    - target: {fileID: 5166799276776995688, guid: f3418a16f7d8b2a47a156369c638eecf,
        type: 3}
      propertyPath: m_LocalEulerAnglesHint.y
      value: 0
      objectReference: {fileID: 0}
    - target: {fileID: 5166799276776995688, guid: f3418a16f7d8b2a47a156369c638eecf,
        type: 3}
      propertyPath: m_LocalEulerAnglesHint.z
      value: -90
      objectReference: {fileID: 0}
    - target: {fileID: 5548426209584079314, guid: f3418a16f7d8b2a47a156369c638eecf,
        type: 3}
      propertyPath: m_Name
      value: corner_wall (3)
      objectReference: {fileID: 0}
    - target: {fileID: 6681183642016951053, guid: f3418a16f7d8b2a47a156369c638eecf,
        type: 3}
      propertyPath: m_LocalPosition.x
      value: -3
      objectReference: {fileID: 0}
    - target: {fileID: 6681183642016951053, guid: f3418a16f7d8b2a47a156369c638eecf,
        type: 3}
      propertyPath: m_RootOrder
      value: 18
      objectReference: {fileID: 0}
    - target: {fileID: 6681183642016951053, guid: f3418a16f7d8b2a47a156369c638eecf,
        type: 3}
      propertyPath: m_LocalPosition.z
      value: 1
      objectReference: {fileID: 0}
    - target: {fileID: 6681183642016951053, guid: f3418a16f7d8b2a47a156369c638eecf,
        type: 3}
      propertyPath: m_LocalRotation.x
      value: 0
      objectReference: {fileID: 0}
    - target: {fileID: 6681183642016951053, guid: f3418a16f7d8b2a47a156369c638eecf,
        type: 3}
      propertyPath: m_LocalRotation.y
      value: 0.7071068
      objectReference: {fileID: 0}
    - target: {fileID: 6681183642016951053, guid: f3418a16f7d8b2a47a156369c638eecf,
        type: 3}
      propertyPath: m_LocalRotation.z
      value: 0.7071068
      objectReference: {fileID: 0}
    - target: {fileID: 6681183642016951053, guid: f3418a16f7d8b2a47a156369c638eecf,
        type: 3}
      propertyPath: m_LocalRotation.w
      value: 0
      objectReference: {fileID: 0}
    - target: {fileID: 6681183642016951053, guid: f3418a16f7d8b2a47a156369c638eecf,
        type: 3}
      propertyPath: m_LocalEulerAnglesHint.z
      value: 180
      objectReference: {fileID: 0}
    m_RemovedComponents: []
  m_SourcePrefab: {fileID: 100100000, guid: f3418a16f7d8b2a47a156369c638eecf, type: 3}
--- !u!4 &2909288137355074314 stripped
Transform:
  m_CorrespondingSourceObject: {fileID: 6681183642016951053, guid: f3418a16f7d8b2a47a156369c638eecf,
    type: 3}
  m_PrefabInstance: {fileID: 8423854709879386119}
  m_PrefabAsset: {fileID: 0}
